% The only papers in here should be ones that I can't remember why I added.

@article{pinto-robust-adversarial-RL,
  author    = {Lerrel Pinto and
               James Davidson and
               Rahul Sukthankar and
               Abhinav Gupta},
  title     = {Robust Adversarial Reinforcement Learning},
  journal   = {CoRR},
  volume    = {abs/1703.02702},
  year      = {2017}
}

@article{huang-adversarial-attacks,
  author    = {Sandy H. Huang and
               Nicolas Papernot and
               Ian J. Goodfellow and
               Yan Duan and
               Pieter Abbeel},
  title     = {Adversarial Attacks on Neural Network Policies},
  journal   = {CoRR},
  volume    = {abs/1702.02284},
  year      = {2017}
}

@inproceedings{abernethy2008competing,
  title={Competing in the Dark: An Efficient Algorithm for Bandit Linear Optimization.},
  author={Abernethy, Jacob D and Hazan, Elad and Rakhlin, Alexander},
  booktitle={COLT},
  pages={263--274},
  year={2008}
}

@inproceedings{abernethy2009beating,
  title={Beating the Adaptive Bandit with High Probability.},
  author={Abernethy, Jacob D and Rakhlin, Alexander},
  year={2009}
}

% Partial monitoring

@inproceedings{lattimore-cleaning-up,
  author    = {Tor Lattimore and
               Csaba Szepesv{\'{a}}ri},
  title     = {Cleaning up the neighborhood: {A} full classification for adversarial
               partial monitoring},
  booktitle = {{ALT}},
  series    = {Proceedings of Machine Learning Research},
  volume    = {98},
  pages     = {529--556},
  publisher = {{PMLR}},
  year      = {2019}
}

@inproceedings{lattimore-bayesian-minimax,
  author    = {Tor Lattimore and
               Csaba Szepesv{\'{a}}ri},
  title     = {An Information-Theoretic Approach to Minimax Regret in Partial Monitoring},
  booktitle = {{COLT}},
  series    = {Proceedings of Machine Learning Research},
  volume    = {99},
  pages     = {2111--2139},
  publisher = {{PMLR}},
  year      = {2019}
}

@article{lattimore-expopt,
  author    = {Tor Lattimore and
               Csaba Szepesv{\'{a}}ri},
  title     = {Exploration by Optimisation in Partial Monitoring},
  journal   = {CoRR},
  volume    = {abs/1907.05772},
  year      = {2019}
}

@article{freund-hedge,
  author    = {Yoav Freund and
               Robert E. Schapire},
  title     = {A Decision-Theoretic Generalization of On-Line Learning and an Application
               to Boosting},
  journal   = {J. Comput. Syst. Sci.},
  volume    = {55},
  number    = {1},
  pages     = {119--139},
  year      = {1997}
}

@article{auer-exp3,
  author    = {Peter Auer and
               Nicol{\`{o}} Cesa{-}Bianchi and
               Yoav Freund and
               Robert E. Schapire},
  title     = {The Nonstochastic Multiarmed Bandit Problem},
  journal   = {{SIAM} J. Comput.},
  volume    = {32},
  number    = {1},
  pages     = {48--77},
  year      = {2002}
}

@article{cesa-bianchi-regret-partial,
  author    = {Nicol{\`{o}} Cesa{-}Bianchi and
               G{\'{a}}bor Lugosi and
               Gilles Stoltz},
  title     = {Regret Minimization Under Partial Monitoring},
  journal   = {Math. Oper. Res.},
  volume    = {31},
  number    = {3},
  pages     = {562--580},
  year      = {2006}
}

@inproceedings{foster-rakhlin-neighborhood-watch,
  author    = {Dean P. Foster and
               Alexander Rakhlin},
  title     = {No Internal Regret via Neighborhood Watch},
  booktitle = {{AISTATS}},
  series    = {{JMLR} Proceedings},
  volume    = {22},
  pages     = {382--390},
  publisher = {JMLR.org},
  year      = {2012}
}

@misc{csaba-conversation,
  author = {Csaba Szepesv{\'{a}}ri},
  howpublished = {Personal communication},
  booktitle = {{NeurIPS}},
  month        = {December},
  year         = {2019},
}

@misc{luo-lecture-6,
  author        = {Haipeng Luo},
  title         = {Theoretical Machine Learning: Lecture 6},
  month         = {October},
  year          = {2019},
  url           = {https://haipeng-luo.net/courses/CSCI699_2019/lecture6.pdf}
}

@misc{luo-lecture-8,
  author        = {Haipeng Luo},
  title         = {Theoretical Machine Learning: Lecture 8},
  month         = {October},
  year          = {2019},
  url           = {https://haipeng-luo.net/courses/CSCI699_2019/lecture8.pdf}
}

@misc{luo-lecture-9,
  author        = {Haipeng Luo},
  title         = {Theoretical Machine Learning: Lecture 9},
  month         = {October},
  year          = {2019},
  url           = {https://haipeng-luo.net/courses/CSCI699_2019/lecture9.pdf}
}

@misc{luo-lecture-10,
  author        = {Haipeng Luo},
  title         = {Theoretical Machine Learning: Lecture 10},
  month         = {October},
  year          = {2019},
  url           = {https://haipeng-luo.net/courses/CSCI699_2019/lecture10.pdf}
}
