@InProceedings{fazel-global-lqr,
  title = 	 {Global Convergence of Policy Gradient Methods for the Linear Quadratic Regulator},
  author =       {Fazel, Maryam and Ge, Rong and Kakade, Sham and Mesbahi, Mehran},
  booktitle = 	 {\ICML},
  pages = 	 {1467--1476},
  year = 	 {2018},
  volume = 	 {80},
  series = 	 {Proceedings of Machine Learning Research},
  month = 	 {10--15 Jul},
  publisher =    {PMLR},
}

@inproceedings{mohammadi2019cdc,
  author    = {Hesameddin Mohammadi and
               Armin Zare and
               Mahdi Soltanolkotabi and
               Mihailo R. Jovanovic},
  title     = {Global exponential convergence of gradient methods over the nonconvex
               landscape of the linear quadratic regulator},
  booktitle = {\CDC},
  pages     = {7474--7479},
  publisher = {{IEEE}},
  year      = {2019}
}

@article{dean-complexity-lqr,
  author    = {Sarah Dean and
               Horia Mania and
               Nikolai Matni and
               Benjamin Recht and
               Stephen Tu },
  title     = {On the sample complexity of the linear quadratic regulator},
  journal   = {CoRR},
  volume    = {abs/1710.01688},
  year      = {2017}
}

@inproceedings{DBLP:journals/jmlr/Abbasi-YadkoriS11,
  author    = {Yasin Abbasi{-}Yadkori and
               Csaba Szepesv{\'{a}}ri},
  title     = {Regret Bounds for the Adaptive Control of Linear Quadratic Systems},
  booktitle = {\COLT},
  series    = {{JMLR} Proceedings},
  volume    = {19},
  pages     = {1--26},
  publisher = {JMLR.org},
  year      = {2011}
}

@article{DBLP:journals/corr/abs-1804-06021,
  author    = {Yasin Abbasi{-}Yadkori and
               Nevena Lazic and
               Csaba Szepesv{\'{a}}ri},
  title     = {Regret Bounds for Model-Free Linear Quadratic Control},
  journal   = {CoRR},
  volume    = {abs/1804.06021},
  year      = {2018}
}

@article{bradtke1994acc,
author = {Bradtke, Steven and Ydstie, B.Erik and G. Barto, Andrew},
year = {1994},
month = {09},
pages = {},
title = {Adaptive Linear Quadratic Control Using Policy Iteration},
volume = {3},
journal = {Proceedings of the American Control Conference},
doi = {10.1109/ACC.1994.735224}
}

@article{recht-tour-rl-control,
  author    = {Benjamin Recht},
  title     = {A Tour of Reinforcement Learning: The View from Continuous Control},
  journal   = {CoRR},
  volume    = {abs/1806.09460},
  year      = {2018}
}

@article{yang-actorcritic-lqr,
  author    = {Zhuoran Yang and
               Yongxin Chen and
               Mingyi Hong and
               Zhaoran Wang},
  title     = {On the Global Convergence of Actor-Critic: {A} Case for Linear Quadratic
               Regulator with Ergodic Cost},
  journal   = {CoRR},
  volume    = {abs/1907.06246},
  year      = {2019}
}

@article{malik-derivativefree-lqr,
  author    = {Dhruv Malik and
               Ashwin Pananjady and
               Kush Bhatia and
               Koulik Khamaru and
               Peter L. Bartlett and
               Martin J. Wainwright},
  title     = {Derivative-Free Methods for Policy Optimization: Guarantees for Linear
               Quadratic Systems},
  journal   = {CoRR},
  volume    = {abs/1812.08305},
  year      = {2018}
}

@inproceedings{DBLP:conf/icml/AbeilleL18,
  author    = {Marc Abeille and
               Alessandro Lazaric},
  title     = {Improved Regret Bounds for Thompson Sampling in Linear Quadratic Control
               Problems},
  booktitle = {{ICML}},
  series    = {Proceedings of Machine Learning Research},
  volume    = {80},
  pages     = {1--9},
  publisher = {{PMLR}},
  year      = {2018}
}

@inproceedings{DBLP:conf/icml/CohenHKLMT18,
  author    = {Alon Cohen and
               Avinatan Hassidim and
               Tomer Koren and
               Nevena Lazic and
               Yishay Mansour and
               Kunal Talwar},
  title     = {Online Linear Quadratic Control},
  booktitle = {\ICML},
  series    = {Proceedings of Machine Learning Research},
  volume    = {80},
  pages     = {1028--1037},
  publisher = {{PMLR}},
  year      = {2018}
}

@inproceedings{DBLP:conf/nips/DeanMMRT18,
  author    = {Sarah Dean and
               Horia Mania and
               Nikolai Matni and
               Benjamin Recht and
               Stephen Tu},
  title     = {Regret Bounds for Robust Adaptive Control of the Linear Quadratic
               Regulator},
  booktitle = {\NeurIPS},
  pages     = {4192--4201},
  year      = {2018}
}

@article{DBLP:journals/corr/abs-1711-07230,
  author    = {Mohamad Kazem Shirani Faradonbeh and
               Ambuj Tewari and
               George Michailidis},
  title     = {Finite Time Analysis of Optimal Adaptive Policies for Linear-Quadratic
               Systems},
  journal   = {CoRR},
  volume    = {abs/1711.07230},
  year      = {2017}
}

@article{proctor-dmdc,
  author    = {Joshua L. Proctor and
               Steven L. Brunton and
               J. Nathan Kutz},
  title     = {Dynamic Mode Decomposition with Control},
  journal   = {{SIAM} J. Applied Dynamical Systems},
  volume    = {15},
  number    = {1},
  pages     = {142--161},
  year      = {2016}
}

@article{DBLP:journals/mmor/Hinderer05,
  author    = {Karl Hinderer},
  title     = {Lipschitz Continuity of Value Functions in Markovian Decision Processes},
  journal   = {Math. Meth. of {OR}},
  volume    = {62},
  number    = {1},
  pages     = {3--22},
  year      = {2005}
}

@inproceedings{DBLP:conf/icml/AsadiML18,
  author    = {Kavosh Asadi and
               Dipendra Misra and
               Michael L. Littman},
  title     = {Lipschitz Continuity in Model-based Reinforcement Learning},
  booktitle = {{ICML}},
  series    = {{JMLR} Workshop and Conference Proceedings},
  volume    = {80},
  pages     = {264--273},
  publisher = {JMLR.org},
  year      = {2018}
}

@incollection{rockafellar2008linear,
  title={Linear-Convex Control and Duality},
  author={Rockafellar, RT and Goebel, Rafal},
  booktitle={Geometric Control And Nonsmooth Analysis: In Honor of the 73rd Birthday of H Hermes and of the 71st Birthday of RT Rockafellar},
  pages={280--299},
  year={2008},
  publisher={World Scientific}
}

@article{DBLP:journals/jgo/Rockafellar04,
  author    = {R. Tyrrell Rockafellar},
  title     = {Hamilton-Jacobi Theory and Parametric Analysis in Fully Convex Problems
               of Optimal Control},
  journal   = {J. Global Optimization},
  volume    = {28},
  number    = {3-4},
  pages     = {419--431},
  year      = {2004}
}

@inproceedings{DBLP:conf/nips/Kobilarov15,
  author    = {Marin Kobilarov},
  title     = {Sample Complexity Bounds for Iterative Stochastic Policy Optimization},
  booktitle = {Advances in Neural Information Processing Systems},
  pages     = {3114--3122},
  year      = {2015}
}

@article{article,
author = {Machandranath Kakade, Sham},
year = {2003},
month = {01},
pages = {},
title = {On the Sample Complexity of Reinforcement Learning}
}

@article{rajeswaran2017generalizationsimplicity,
  author    = {Aravind Rajeswaran and
               Kendall Lowrey and
               Emanuel Todorov and
               Sham Kakade},
  title     = {Towards Generalization and Simplicity in Continuous Control},
  journal   = {CoRR},
  volume    = {abs/1703.02660},
  year      = {2017}
}

@article{mania2018randomsearch,
  author    = {Horia Mania and
               Aurelia Guy and
               Benjamin Recht},
  title     = {Simple random search provides a competitive approach to reinforcement
               learning},
  journal   = {CoRR},
  volume    = {abs/1803.07055},
  year      = {2018}
}

@inproceedings{ahmed-impact-entropy,
  author    = {Zafarali Ahmed and
               Nicolas Le Roux and
               Mohammad Norouzi and
               Dale Schuurmans},
  title     = {Understanding the Impact of Entropy on Policy Optimization},
  booktitle = {{ICML}},
  series    = {Proceedings of Machine Learning Research},
  volume    = {97},
  pages     = {151--160},
  publisher = {{PMLR}},
  year      = {2019}
}

@inproceedings{geist-regularized-mdps,
  author    = {Matthieu Geist and
               Bruno Scherrer and
               Olivier Pietquin},
  title     = {A Theory of Regularized Markov Decision Processes},
  booktitle = {{ICML}},
  series    = {Proceedings of Machine Learning Research},
  volume    = {97},
  pages     = {2160--2169},
  publisher = {{PMLR}},
  year      = {2019}
}

@inproceedings{tu-modelbased-lqr-asymptotic,
  author    = {Stephen Tu and
               Benjamin Recht},
  title     = {The Gap Between Model-Based and Model-Free Methods on the Linear Quadratic
               Regulator: An Asymptotic Viewpoint},
  booktitle = {\COLT},
  series    = {Proceedings of Machine Learning Research},
  volume    = {99},
  pages     = {3036--3083},
  publisher = {{PMLR}},
  year      = {2019}
}

@phdthesis{tu-lqr-thesis,
  author       = {Stephen Tu}, 
  title        = {Sample Complexity Bounds for the Linear Quadratic Regulator},
  school       = {University of California, Berkeley},
  year         = 2019,
}

@inproceedings{mania2019neurips,
 author = {Mania, Horia and Tu, Stephen and Recht, Benjamin},
 booktitle = {\NeurIPS},
 pages = {10154--10164},
 title = {Certainty Equivalence is Efficient for Linear Quadratic Control},
 volume = {32},
 year = {2019}
}

@InProceedings{simchowitz2020icml,
  title = 	 {Naive Exploration is Optimal for Online {LQR}},
  author =       {Simchowitz, Max and Foster, Dylan},
  booktitle = 	 {\ICML},
  pages = 	 {8937--8948},
  year = 	 {2020},
  editor = 	 {III, Hal Daum√© and Singh, Aarti},
  volume = 	 {119},
  series = 	 {Proceedings of Machine Learning Research},
  month = 	 {13--18 Jul},
  publisher =    {PMLR},
  pdf = 	 {http://proceedings.mlr.press/v119/simchowitz20a/simchowitz20a.pdf},
  url = 	 {https://proceedings.mlr.press/v119/simchowitz20a.html},
}

@article{cohen-lqr-efficient,
  author    = {Alon Cohen and
               Tomer Koren and
               Yishay Mansour},
  title     = {Learning Linear-Quadratic Regulators Efficiently with only {\textdollar}{\textbackslash}sqrt\{T\}{\textdollar} Regret},
  journal   = {CoRR},
  volume    = {abs/1902.06223},
  year      = {2019}
}

@article{bu2019firstorder,
  author    = {Jingjing Bu and
               Afshin Mesbahi and
               Maryam Fazel and
               Mehran Mesbahi},
  title     = {{LQR} through the Lens of First Order Methods: Discrete-time Case},
  journal   = {CoRR},
  volume    = {abs/1907.08921},
  year      = {2019}
}

@article{DBLP:journals/corr/abs-1905-13547,
  author    = {Benjamin Gravell and
               Peyman Mohajerin Esfahani and
               Tyler Summers},
  title     = {Learning robust control for {LQR} systems with multiplicative noise
               via policy gradient},
  journal   = {CoRR},
  volume    = {abs/1905.13547},
  year      = {2019}
}

@inproceedings{DBLP:conf/nips/UmenbergerFSH19,
  author    = {Jack Umenberger and
               Mina Ferizbegovic and
               Thomas B. Sch{\"{o}}n and
               H{\aa}kan Hjalmarsson},
  title     = {Robust exploration in linear quadratic reinforcement learning},
  booktitle = {NeurIPS},
  pages     = {15310--15320},
  year      = {2019}
}

@article{DBLP:journals/corr/abs-1811-08540,
  author    = {Wen Sun and
               Nan Jiang and
               Akshay Krishnamurthy and
               Alekh Agarwal and
               John Langford},
  title     = {Model-Based Reinforcement Learning in Contextual Decision Processes},
  journal   = {CoRR},
  volume    = {abs/1811.08540},
  year      = {2018}
}

@article{DBLP:journals/corr/abs-1909-01150,
  author    = {Lingxiao Wang and
               Qi Cai and
               Zhuoran Yang and
               Zhaoran Wang},
  title     = {Neural Policy Gradient Methods: Global Optimality and Rates of Convergence},
  journal   = {CoRR},
  volume    = {abs/1909.01150},
  year      = {2019}
}

@article{DBLP:journals/corr/abs-1905-10389,
  author    = {Lin F. Yang and
               Mengdi Wang},
  title     = {Reinforcement Leaning in Feature Space: Matrix Bandit, Kernels, and
               Regret Bound},
  journal   = {CoRR},
  volume    = {abs/1905.10389},
  year      = {2019}
}

@article{DBLP:journals/corr/abs-1907-05388,
  author    = {Chi Jin and
               Zhuoran Yang and
               Zhaoran Wang and
               Michael I. Jordan},
  title     = {Provably Efficient Reinforcement Learning with Linear Function Approximation},
  journal   = {CoRR},
  volume    = {abs/1907.05388},
  year      = {2019}
}

@article{DBLP:journals/corr/abs-1901-09018,
  author    = {Simon S. Du and
               Akshay Krishnamurthy and
               Nan Jiang and
               Alekh Agarwal and
               Miroslav Dud{\'{\i}}k and
               John Langford},
  title     = {Provably efficient {RL} with Rich Observations via Latent State Decoding},
  journal   = {CoRR},
  volume    = {abs/1901.09018},
  year      = {2019}
}

@inproceedings{DBLP:conf/icml/X19,
  editor    = {Yasin Abbasi{-}Yadkori and
               Peter L. Bartlett and
               Kush Bhatia and
               Nevena Lazic and
               Csaba Szepesv{\'{a}}ri and
               Gell{\'{e}}rt Weisz},
  title     = {{POLITEX:} Regret Bounds for Policy Iteration using Expert Prediction},
  booktitle = {{ICML}},
  series    = {Proceedings of Machine Learning Research},
  volume    = {97},
  pages     = {3692--3702},
  publisher = {{PMLR}},
  year      = {2019}
}

@article{DBLP:journals/corr/abs-1908-10479,
  author    = {Yasin Abbasi{-}Yadkori and
               Nevena Lazic and
               Csaba Szepesv{\'{a}}ri and
               Gell{\'{e}}rt Weisz},
  title     = {Exploration-Enhanced {POLITEX}},
  journal   = {CoRR},
  volume    = {abs/1908.10479},
  year      = {2019}
}

@inproceedings{DBLP:conf/nips/Russo19,
  author    = {Daniel Russo},
  title     = {Worst-Case Regret Bounds for Exploration via Randomized Value Functions},
  booktitle = {NeurIPS},
  pages     = {14410--14420},
  year      = {2019}
}

@article{DBLP:journals/corr/abs-1905-00475,
  author    = {Zhao Song and
               Wen Sun},
  title     = {Efficient Model-free Reinforcement Learning in Metric Spaces},
  journal   = {CoRR},
  volume    = {abs/1905.00475},
  year      = {2019}
}

@article{DBLP:journals/corr/abs-1901-09311,
  author    = {Kefan Dong and
               Yuanhao Wang and
               Xiaoyu Chen and
               Liwei Wang},
  title     = {Q-learning with {UCB} Exploration is Sample Efficient for Infinite-Horizon
               {MDP}},
  journal   = {CoRR},
  volume    = {abs/1901.09311},
  year      = {2019}
}

@article{lin-stability-switched-linear-survey,
  author    = {Hai Lin and
               Panos J. Antsaklis},
  title     = {Stability and Stabilizability of Switched Linear Systems: {A} Survey
               of Recent Results},
  journal   = {{IEEE} Trans. Automat. Contr.},
  volume    = {54},
  number    = {2},
  pages     = {308--322},
  year      = {2009}
}

@phdthesis{tropp2004topics,
  title={Topics in sparse approximation},
  author={Tropp, Joel Aaron},
  year={2004}
}

@misc{francis-classical-control-notes,
  author        = {Bruce A. Francis},
  title         = {Classical Control course notes},
  month         = {February},
  year          = {2015},
  publisher={University of Toronto}
}

@inproceedings{tassa-constrained-ddp,
  author    = {Yuval Tassa and
               Nicolas Mansard and
               Emo Todorov},
  title     = {Control-limited differential dynamic programming},
  booktitle = {{ICRA}},
  pages     = {1168--1175},
  publisher = {{IEEE}},
  year      = {2014}
}

@inproceedings{tassa2012ilqr,
  author       = {Yuval Tassa and
                  Tom Erez and
                  Emanuel Todorov},
  title        = {Synthesis and stabilization of complex behaviors through online trajectory
                  optimization},
  booktitle    = {2012 {IEEE/RSJ} International Conference on Intelligent Robots and
                  Systems, {IROS} 2012, Vilamoura, Algarve, Portugal, October 7-12,
                  2012},
  pages        = {4906--4913},
  publisher    = {{IEEE}},
  year         = {2012},
  url          = {https://doi.org/10.1109/IROS.2012.6386025},
  doi          = {10.1109/IROS.2012.6386025},
  timestamp    = {Wed, 16 Oct 2019 14:14:51 +0200},
  biburl       = {https://dblp.org/rec/conf/iros/TassaET12.bib},
  bibsource    = {dblp computer science bibliography, https://dblp.org}
}

@book{zhou-robust,
  title={Robust and optimal control},
  author={Zhou, Kemin and Doyle, John Comstock and Glover, Keith and others},
  volume={40},
  year={1996},
  publisher={Prentice hall New Jersey}
}

@article{safonov-lqr-margin,
  title={Gain and phase margin for multiloop {LQG} regulators},
  author={Safonov, Michael and Athans, Michael},
  journal={IEEE Transactions on Automatic Control},
  volume={22},
  number={2},
  pages={173--179},
  year={1977},
  publisher={IEEE}
}

@article{doyle-lqg,
  title={Guaranteed margins for {LQG} regulators},
  author={Doyle, John C},
  journal={IEEE Transactions on Automatic Control},
  volume={23},
  number={4},
  pages={756--757},
  year={1978},
  publisher={IEEE}
}

@book{ioannou-robust-adaptive,
  title={Robust adaptive control},
  author={Petros A Ioannou and Jing Sun},
  year={2012},
  publisher={Courier Corporation}
}

@article{casti1980linear,
  title={The linear-quadratic control problem: some recent results and outstanding problems},
  author={Casti, Jan},
  journal={SIAM Review},
  volume={22},
  number={4},
  pages={459--485},
  year={1980},
  publisher={SIAM}
}

@article{willems-riccati,
  author={Jan C. Willems},
  journal={IEEE Transactions on Automatic Control},
  title={Least squares stationary optimal control and the algebraic {Riccati} equation},
  year={1971},
  volume={16},
  number={6},
  pages={621-634},
}

@book{brockett-finitelinear,
  author = {Brockett, Roger W.},
  title = {Finite Dimensional Linear Systems},
  publisher = {Society for Industrial and Applied Mathematics},
  year = {2015},
  doi = {10.1137/1.9781611973884},
}

@book{konstantinov-perturbation,
  title={Perturbation Theory for Matrix Equations},
  author={Konstantinov, Mihail and Gu, D Wei and Mehrmann, Volker and Petkov, Petko},
  year={2003},
  publisher={Elsevier Science}
}

@article{sun1998perturbation,
  title={Perturbation theory for algebraic {Riccati} equations},
  author={Sun, Ji-Guang},
  journal={SIAM Journal on Matrix Analysis and Applications},
  volume={19},
  number={1},
  pages={39--65},
  year={1998},
  publisher={SIAM}
}

@article{karanam-riccati-bounds,
  title={Eigenvalue bounds for algebraic {Riccati} and {Lyapunov} equations},
  author={Karanam, V},
  journal={IEEE Transactions on Automatic Control},
  volume={27},
  number={2},
  pages={461--463},
  year={1982},
  publisher={IEEE}
}

@article{wang-trace-bounds-riccati,
  author={Sheng-De Wang and Te-Son Kuo and Chen-Fa Hsu},
  journal={IEEE Transactions on Automatic Control},
  title={Trace bounds on the solution of the algebraic matrix {Riccati} and {Lyapunov} equation},
  year={1986},
  volume={31},
  number={7},
  pages={654--656},
}

@book{sontag-mathematical-control,
  title={Mathematical Control Theory: Deterministic Finite Dimensional Systems},
  author={Sontag, Eduardo D.},
  year={2013},
  publisher={Springer Science \& Business Media}
}

@book{astrom-feedback-introduction,
  title={Feedback systems: An introduction for scientists and engineers},
  author={{\AA}str{\"o}m, Karl Johan and Murray, Richard M},
  year={2010},
  publisher={Princeton University Press}
}

@book{astrom-adaptive,
  title={Adaptive Control},
  author={{\AA}str{\"o}m, Karl J and Wittenmark, Bj{\"o}rn},
  year={2013},
  publisher={Courier Corporation}
}

@book{hinrichsen-destabilization,
  title={Destabilization by output feedback},
  author={Hinrichsen, D and Pritchard, AJ},
  journal={Differential and Integral Equations},
  volume={5},
  number={2},
  pages={357--386},
  year={1992},
  publisher={Khayyam Publishing, Inc.}
}

@incollection{hinrichsen-radii,
  title={Real and complex stability radii: a survey},
  author={Hinrichsen, Diederich and Pritchard, Anthony J},
  booktitle={Control of uncertain systems},
  pages={119--162},
  year={1990},
  publisher={Springer}
}

@book{khalil-nonlinear,
  title={Nonlinear Systems},
  author={Khalil, H.K.},
  year={2002},
  publisher={Prentice Hall}
}

@article{stilwell-interpolation,
  title={Interpolation of observer state feedback controllers for gain scheduling},
  author={Stilwell, Daniel J. and Rugh, Wilson J.},
  journal={IEEE Transactions on Automatic Control},
  volume={44},
  number={6},
  pages={1225--1229},
  year={1999},
  publisher={IEEE}
}

@article{thorp-matchingconditions,
  title={On guaranteed stability of uncertain linear systems via linear control},
  author={Thorp, J. S. and Barmish, B. R.},
  journal={Journal of Optimization Theory and Applications},
  volume={35},
  number={4},
  pages={559--579},
  year={1981},
  publisher={Springer}
}

@misc{lale-adaptive-regret,
      title={Adaptive Control and Regret Minimization in Linear Quadratic Gaussian (LQG) Setting}, 
      author={Sahin Lale and Kamyar Azizzadenesheli and Babak Hassibi and Anima Anandkumar},
      year={2020},
      eprint={2003.05999},
      archivePrefix={arXiv},
      primaryClass={cs.LG}
}

@article{fu-adaptive-switching,
  title={Adaptive stabilization of linear systems via switching control},
  author={Fu, Minyue and Barmish, B. Ross},
  journal={IEEE Transactions on Automatic Control},
  volume={31},
  number={12},
  pages={1097--1103},
  year={1986},
  publisher={IEEE}
}

@article{petersen-guaranteed-cost,
  title={Optimal guaranteed cost control and filtering for uncertain linear systems},
  author={Petersen, Ian R. and McFarlane, Duncan C.},
  journal={IEEE Transactions on Automatic Control},
  volume={39},
  number={9},
  pages={1971--1977},
  year={1994},
  publisher={IEEE}
}

@book{lancaster-AREs,
  title={Algebraic {Riccati} Equations},
  author={Lancaster, Peter and Rodman, Leiba},
  year={1995},
  publisher={Clarendon Press}
}

@article{yoon-gain-scheduling-minimax,
  title={Gain-scheduling of minimax optimal state-feedback controllers for uncertain {LPV} systems},
  author={Yoon, Myung-Gon and Ugrinovskii, Valery A. and Pszczel, Marek},
  journal={IEEE Transactions on Automatic Control},
  volume={52},
  number={2},
  pages={311--317},
  year={2007},
  publisher={IEEE}
}

@article{mcnichols-selecting-discrete,
  title={Selecting operating points for discrete-time gain scheduling},
  author={McNichols, Kenneth H. and Fadali, M. Sami},
  journal={Computers \& Electrical Engineering},
  volume={29},
  number={2},
  pages={289--301},
  year={2003},
  publisher={Elsevier}
}

@inproceedings{tan-selecting,
  title={Operating point selection in multimodel controller design},
  author={Tan, Wen and Marquez, Horacio J. and Chen, Tongwen},
  booktitle={American Control Conference},
  volume={4},
  pages={3652--3657},
  year={2004},
}

@article{galan-gap-metric,
  title={Gap metric concept and implications for multilinear model-based controller design},
  author={Gal{\'a}n, Omar and Romagnoli, Jose A and Palazo«ßlu, Ahmet and Arkun, Yaman},
  journal={Industrial \& engineering chemistry research},
  volume={42},
  number={10},
  pages={2189--2197},
  year={2003},
  publisher={ACS Publications}
}

@article{zribi-model-reduction,
  title={Multiple model reduction approach using gap metric and stability margin for control nonlinear systems},
  author={Zribi, Ali and Chtourou, Mohamed and Djemel, Mohamed},
  journal={International Journal of Control, Automation and Systems},
  volume={15},
  number={1},
  pages={267--273},
  year={2017},
  publisher={Springer}
}

@article{johansen-narmax,
  title={Constructing NARMAX models using ARMAX models},
  author={Johansen, Tor A and Foss, Bjarne},
  journal={International Journal of Control},
  volume={58},
  number={5},
  pages={1125--1153},
  year={1993},
  publisher={Taylor \& Francis}
}

@article{du-multimodel-integrated,
  title={Multimodel control of nonlinear systems: An integrated design procedure based on gap metric and {$H_\infty$} loop shaping},
  author={Du, Jingjing and Song, Chunyue and Li, Ping},
  journal={Industrial \& Engineering Chemistry Research},
  volume={51},
  number={9},
  pages={3722--3731},
  year={2012},
  publisher={ACS Publications}
}

@article{jalali-multimodel-vinnicombe,
  title={An optimal multiple-model strategy to design a controller for nonlinear processes: A boiler-turbine unit},
  author={Jalali, Ali Akbar and Golmohammad, Hassan},
  journal={Computers \& Chemical Engineering},
  volume={46},
  pages={48--58},
  year={2012},
  publisher={Elsevier}
}

@article{anderson-coverings,
  title={Multiple model adaptive control. {Part} 1: Finite controller coverings},
  author={Anderson, Brian D. O. and Brinsmead, Thomas S. and De Bruyne, Franky and Hespanha, Joao and Liberzon, Daniel and Morse, A. Stephen},
  journal={International Journal of Robust and Nonlinear Control},
  volume={10},
  number={11-12},
  pages={909--929},
  year={2000},
  publisher={Wiley Online Library}
}

@article{fekri-issues,
  title={Issues, progress and new results in robust adaptive control},
  author={Fekri, Sajjad and Athans, Michael and Pascoal, Antonio},
  journal={International Journal of Adaptive Control and Signal Processing},
  volume={20},
  number={10},
  pages={519--579},
  year={2006},
  publisher={Wiley Online Library}
}

@inproceedings{fu-minimum-switching,
  title={Minimum switching control for adaptive tracking},
  author={Fu, Minyue},
  booktitle={\CDC},
  volume={4},
  pages={3749--3754},
  year={1996},
}

@article{petersen-robust-survey,
  title={Robust control of uncertain systems: Classical results and recent developments},
  author={Petersen, Ian R and Tempo, Roberto},
  journal={Automatica},
  volume={50},
  number={5},
  pages={1315--1335},
  year={2014},
  publisher={Elsevier}
}

@article{kwon-riccati-bound-survey,
  title={Bounds in algebraic {Riccati} and {Lyapunov} equations: A survey and some new results},
  author={Kwon, Wook Hyun and Moon, Young Soo and Ahn, Sang Chul},
  journal={International Journal of Control},
  volume={64},
  number={3},
  pages={377--389},
  year={1996},
  publisher={Taylor \& Francis}
}

@inproceedings{kiefer-golden-section,
  title={Sequential minimax search for a maximum},
  author={J. Kiefer},
  year={1953}
}

@book{dullerud-robust,
  title={A Course in Robust Control Theory: A Convex Approach},
  author={Dullerud, Geir E. and Paganini, Fernando},
  year={2000},
  publisher={Springer-Verlag New York}
}

@article{vinnicombe-metric,
  title={Frequency domain uncertainty and the graph topology},
  author={Vinnicombe, Glenn},
  journal={IEEE Transactions on Automatic Control},
  volume={38},
  number={9},
  pages={1371--1383},
  year={1993},
  publisher={IEEE}
}

@article{kalman-contributions,
  title={Contributions to the Theory of Optimal Control},
  author={Kalman, R. E.},
  journal={Bolet\'in de la Sociedad Matem\'atica Mexicana},
  volume={5},
  pages={102--199},
  year={1960}
}

@article{bernstein-robust-performance,
  title={Robust stability and performance analysis for state-space systems via quadratic {Lyapunov} bounds},
  author={Bernstein, Dennis S. and Haddad, Wassim M.},
  journal={SIAM Journal on Matrix Analysis and Applications},
  volume={11},
  number={2},
  pages={239--271},
  year={1990},
  publisher={SIAM}
}

@article{greenberg-quasiconvex,
  title={A review of quasi-convex functions},
  author={Greenberg, Harvey J and Pierskalla, William P},
  journal={Operations research},
  volume={19},
  number={7},
  pages={1553--1570},
  year={1971},
  publisher={INFORMS}
}

@book{murray-smith-multimodel,
  language = "english",
  author = "Roderick Murray-Smith and Tor Arne Johansen",
  title = "Multiple Model Approaches to Modelling and Control",
  publisher = "Taylor and Francis, London",
  year = "1997",
}

@article{bu-topological-gains,
  author    = {Jingjing Bu and
               Afshin Mesbahi and
               Mehran Mesbahi},
  title     = {On Topological and Metrical Properties of Stabilizing Feedback Gains:
               The {MIMO} Case},
  journal   = {CoRR},
  volume    = {abs/1904.02737},
  year      = {2019}
}

@inproceedings{xie-discrete-gcc,
  title={Control of uncertain discrete-time systems with guaranteed cost},
  author={Xie, Lihua and Soh, Yeng Chai},
  booktitle={Proceedings of 32nd {IEEE} Conference on Decision and Control},
  pages={56--61},
  year={1993},
  organization={IEEE}
}


@InProceedings{simchowitz2020colt,
  title = 	 {Improper Learning for Non-Stochastic Control},
  author =       {Simchowitz, Max and Singh, Karan and Hazan, Elad},
  booktitle = 	 {\COLT},
  pages = 	 {3320--3436},
  year = 	 {2020},
  volume = 	 {125},
  series = 	 {Proceedings of Machine Learning Research},
  month = 	 {09--12 Jul},
  publisher =    {PMLR}
}

@misc{sperry-autopilot,
  title={Aeroplane Stabilizer},
  author={Sperry, Elmer A},
  howpublished={US Patent US1368226A},
  month = {Feb.},
  year = {1921}
}

@INPROCEEDINGS{yue2021cdc,
  author={Sun, Yue and Fazel, Maryam},
  booktitle={\CDC}, 
  title={Learning Optimal Controllers by Policy Gradient: Global Optimality via Convex Parameterization}, 
  year={2021},
  volume={},
  number={},
  pages={4576-4581},
  doi={10.1109/CDC45484.2021.9682821}}
}


@InProceedings{cassel2021icml,
  title = 	 {Online Policy Gradient for Model Free Learning of Linear Quadratic Regulators with $\sqrt{T}$ Regret},
  author =       {Cassel, Asaf B and Koren, Tomer},
  booktitle = 	 {\ICML},
  pages = 	 {1304--1313},
  year = 	 {2021},
  editor = 	 {Meila, Marina and Zhang, Tong},
  volume = 	 {139},
  series = 	 {Proceedings of Machine Learning Research},
  month = 	 {18--24 Jul},
  publisher =    {PMLR},
  pdf = 	 {http://proceedings.mlr.press/v139/cassel21a/cassel21a.pdf},
  url = 	 {https://proceedings.mlr.press/v139/cassel21a.html},
}

@inproceedings{hespanha2000bounds,
  title={Bounds on the number of switchings with scale-independent hysteresis: Applications to supervisory control},
  author={Hespanha, Jo{\~a}o P and Liberzon, Daniel and Morse, A Stephen},
  booktitle={\CDC},
  volume={4},
  pages={3622--3627},
  year={2000},
}

@book{slotine1991applied,
  title={Applied Nonlinear Control},
  author={Jean-Jacques Slotine and Weiping Li},
  isbn={9780130408907},
  lccn={90033365},
  year={1991},
  publisher={Prentice Hall}
}

