@inproceedings{gal-dropout-bayesian-icml16,
  title={Dropout as a Bayesian approximation: Representing model uncertainty in deep learning},
  author={Gal, Yarin and Ghahramani, Zoubin},
  booktitle={International Conference on Machine Learning},
  pages={1050--1059},
  year={2016}
}

@inproceedings{finn-maml-icml17,
  author    = {Chelsea Finn and
               Pieter Abbeel and
               Sergey Levine},
  title     = {Model-Agnostic Meta-Learning for Fast Adaptation of Deep Networks},
  booktitle = {\ICML},
  pages     = {1126--1135},
  year      = {2017},
  url       = {http://proceedings.mlr.press/v70/finn17a.html},
  timestamp = {Wed, 16 Aug 2017 11:08:55 +0200},
  biburl    = {http://dblp.uni-trier.de/rec/bib/conf/icml/FinnAL17},
  bibsource = {dblp computer science bibliography, http://dblp.org}
}

@inproceedings{tobin-domainrand-arxiv17,
  author    = {Josh Tobin and
               Rachel Fong and
               Alex Ray and
               Jonas Schneider and
               Wojciech Zaremba and
               Pieter Abbeel},
  title     = {Domain randomization for transferring deep neural networks from simulation
               to the real world},
  booktitle = {\IROS},
  pages     = {23--30},
  publisher = {{IEEE}},
  year      = {2017},
  url       = {https://doi.org/10.1109/IROS.2017.8202133},
  doi       = {10.1109/IROS.2017.8202133},
}

@article{gupta-invariant-features,
  author    = {Abhishek Gupta and
               Coline Devin and
               Yuxuan Liu and
               Pieter Abbeel and
               Sergey Levine},
  title     = {Learning Invariant Feature Spaces to Transfer Skills with Reinforcement
               Learning},
  journal   = {CoRR},
  volume    = {abs/1703.02949},
  year      = {2017},
  url       = {http://arxiv.org/abs/1703.02949},
  archivePrefix = {arXiv},
  eprint    = {1703.02949},
  timestamp = {Wed, 07 Jun 2017 14:40:34 +0200},
  biburl    = {https://dblp.org/rec/bib/journals/corr/GuptaDLAL17},
  bibsource = {dblp computer science bibliography, https://dblp.org}
}

@article{yevgen-time-contrastive,
  author    = {Pierre Sermanet and
               Corey Lynch and
               Jasmine Hsu and
               Sergey Levine},
  title     = {Time-Contrastive Networks: Self-Supervised Learning from Multi-View
               Observation},
  journal   = {CoRR},
  volume    = {abs/1704.06888},
  year      = {2017},
  url       = {http://arxiv.org/abs/1704.06888},
  archivePrefix = {arXiv},
  eprint    = {1704.06888},
  timestamp = {Wed, 07 Jun 2017 14:41:49 +0200},
  biburl    = {https://dblp.org/rec/bib/journals/corr/SermanetLHL17},
  bibsource = {dblp computer science bibliography, https://dblp.org}
}

@article{stewart-physics-knowledge,
  author    = {Russell Stewart and
               Stefano Ermon},
  title     = {Label-Free Supervision of Neural Networks with Physics and Domain
               Knowledge},
  journal   = {CoRR},
  volume    = {abs/1609.05566},
  year      = {2016},
  url       = {http://arxiv.org/abs/1609.05566},
  archivePrefix = {arXiv},
  eprint    = {1609.05566},
  timestamp = {Wed, 07 Jun 2017 14:42:27 +0200},
  biburl    = {https://dblp.org/rec/bib/journals/corr/StewartE16},
  bibsource = {dblp computer science bibliography, https://dblp.org}
}

@article{mutual-alignment-transfer-learning,
  author    = {Markus Wulfmeier and
               Ingmar Posner and
               Pieter Abbeel},
  title     = {Mutual Alignment Transfer Learning},
  journal   = {CoRR},
  volume    = {abs/1707.07907},
  year      = {2017},
  url       = {http://arxiv.org/abs/1707.07907},
  archivePrefix = {arXiv},
  eprint    = {1707.07907},
  timestamp = {Sat, 05 Aug 2017 14:56:06 +0200},
  biburl    = {https://dblp.org/rec/bib/journals/corr/WulfmeierPA17},
  bibsource = {dblp computer science bibliography, https://dblp.org}
}

@inproceedings{yu-up-osi-rss17,
  author    = {Wenhao Yu and
               Jie Tan and
               C. Karen Liu and
               Greg Turk},
  title     = {Preparing for the Unknown: Learning a Universal Policy with Online
               System Identification},
  booktitle = {\RSS},
  year      = {2017},
}

@article{rajeswaran-epopt-corr16,
  author    = {Aravind Rajeswaran and
               Sarvjeet Ghotra and
               Sergey Levine and
               Balaraman Ravindran},
  title     = {EPOpt: Learning Robust Neural Network Policies Using Model Ensembles},
  journal   = {CoRR},
  volume    = {abs/1610.01283},
  year      = {2016},
  url       = {http://arxiv.org/abs/1610.01283},
  archivePrefix = {arXiv},
  eprint    = {1610.01283},
  timestamp = {Wed, 07 Jun 2017 14:42:56 +0200},
  biburl    = {https://dblp.org/rec/bib/journals/corr/RajeswaranGLR16},
  bibsource = {dblp computer science bibliography, https://dblp.org}
}

@article{antonova-pivoting-corr17,
  author    = {Rika Antonova and
               Silvia Cruciani and
               Christian Smith and
               Danica Kragic},
  title     = {Reinforcement Learning for Pivoting Task},
  journal   = {CoRR},
  volume    = {abs/1703.00472},
  year      = {2017},
  url       = {http://arxiv.org/abs/1703.00472},
  archivePrefix = {arXiv},
  eprint    = {1703.00472},
  timestamp = {Wed, 07 Jun 2017 14:42:20 +0200},
  biburl    = {https://dblp.org/rec/bib/journals/corr/AntonovaCSK17},
  bibsource = {dblp computer science bibliography, https://dblp.org}
}

@inproceedings{mordatch-ensemble-icra15,
  title={Ensemble-CIO: Full-body dynamic motion planning that transfers to physical humanoids},
  author={Mordatch, Igor and Lowrey, Kendall and Todorov, Emanuel},
  booktitle={\IROS},
  pages={5307--5314},
  year={2015},
  organization={IEEE}
}

@inproceedings{bousmalis-domain-gan-cvpr17,
  author    = {Konstantinos Bousmalis and
               Nathan Silberman and
               David Dohan and
               Dumitru Erhan and
               Dilip Krishnan},
  title     = {Unsupervised Pixel-Level Domain Adaptation with Generative Adversarial
               Networks},
  booktitle = {\CVPR},
  pages     = {95--104},
  year      = {2017},
}

@inproceedings{bousmalis-domainseparation-nips16,
  author    = {Konstantinos Bousmalis and
               George Trigeorgis and
               Nathan Silberman and
               Dilip Krishnan and
               Dumitru Erhan},
  title     = {Domain Separation Networks},
  booktitle = {\NIPS},
  pages     = {343--351},
  year      = {2016}
}

@article{christiano-deep-inverse-dynamics-corr16,
  author    = {Paul F. Christiano and
               Zain Shah and
               Igor Mordatch and
               Jonas Schneider and
               Trevor Blackwell and
               Joshua Tobin and
               Pieter Abbeel and
               Wojciech Zaremba},
  title     = {Transfer from Simulation to Real World through Learning Deep Inverse
               Dynamics Model},
  journal   = {CoRR},
  volume    = {abs/1610.03518},
  year      = {2016}
}

@article{peng-dynamics-randomization-corr17,
  author    = {Xue Bin Peng and
               Marcin Andrychowicz and
               Wojciech Zaremba and
               Pieter Abbeel},
  title     = {Sim-to-Real Transfer of Robotic Control with Dynamics Randomization},
  journal   = {CoRR},
  volume    = {abs/1710.06537},
  year      = {2017}
}

@article{kingma-adam,
  author    = {Diederik P. Kingma and
               Jimmy Ba},
  title     = {Adam: {A} Method for Stochastic Optimization},
  journal   = {CoRR},
  volume    = {abs/1412.6980},
  year      = {2014}
}

@inproceedings{krizhevsky-imagenet-nips12,
  author    = {Alex Krizhevsky and
               Ilya Sutskever and
               Geoffrey E. Hinton},
  title     = {ImageNet Classification with Deep Convolutional Neural Networks},
  booktitle = {Advances in Neural Information Processing Systems},
  pages     = {1106--1114},
  year      = {2012}
}

@article{kingma-VAE,
  author    = {Diederik P. Kingma and
               Max Welling},
  title     = {Auto-Encoding Variational Bayes},
  journal   = {CoRR},
  volume    = {abs/1312.6114},
  year      = {2013}
}

@inproceedings{rezende-VAE,
  author    = {Danilo Jimenez Rezende and
               Shakir Mohamed and
               Daan Wierstra},
  title     = {Stochastic Backpropagation and Approximate Inference in Deep Generative
               Models},
  booktitle = {{ICML}},
  series    = {{JMLR} Workshop and Conference Proceedings},
  volume    = {32},
  pages     = {1278--1286},
  publisher = {JMLR.org},
  year      = {2014}
}

@inproceedings{nguyen-loss-surface-deep-and-wide,
  author    = {Quynh Nguyen and
               Matthias Hein},
  title     = {The Loss Surface of Deep and Wide Neural Networks},
  booktitle = {{ICML}},
  series    = {Proceedings of Machine Learning Research},
  volume    = {70},
  pages     = {2603--2612},
  publisher = {{PMLR}},
  year      = {2017}
}

@inproceedings{glorot-initialization,
  author    = {Xavier Glorot and
               Yoshua Bengio},
  title     = {Understanding the difficulty of training deep feedforward neural networks},
  booktitle = {{AISTATS}},
  series    = {{JMLR} Proceedings},
  volume    = {9},
  pages     = {249--256},
  publisher = {JMLR.org},
  year      = {2010}
}

@ARTICLE{8253482,
author={A. Achille and S. Soatto},
journal={IEEE Transactions on Pattern Analysis and Machine Intelligence},
title={Information Dropout: Learning Optimal Representations Through Noisy Computation},
year={2018},
volume={},
number={},
month={},}

@article{ulyanov-deep-image-prior,
  author    = {Dmitry Ulyanov and
               Andrea Vedaldi and
               Victor S. Lempitsky},
  title     = {Deep Image Prior},
  journal   = {CoRR},
  volume    = {abs/1711.10925},
  year      = {2017}
}

@inproceedings{neural-ODE,
  author    = {Tian Qi Chen and
               Yulia Rubanova and
               Jesse Bettencourt and
               David K. Duvenaud},
  title     = {Neural Ordinary Differential Equations},
  booktitle = {NeurIPS},
  pages     = {6572--6583},
  year      = {2018}
}

@article{yu-pcgrad,
  author    = {Tianhe Yu and
               Saurabh Kumar and
               Abhishek Gupta and
               Sergey Levine and
               Karol Hausman and
               Chelsea Finn},
  title     = {Gradient Surgery for Multi-Task Learning},
  journal   = {CoRR},
  volume    = {abs/2001.06782},
  year      = {2020}
}

@inproceedings{hasselt-popart,
  title={Learning values across many orders of magnitude},
  author={van Hasselt, Hado P and Guez, Arthur and Hessel, Matteo and Mnih, Volodymyr and Silver, David},
  booktitle={Advances in Neural Information Processing Systems},
  pages={4287--4295},
  year={2016}
}

@article{ruder-deep-multitask,
  author    = {Sebastian Ruder},
  title     = {An Overview of Multi-Task Learning in Deep Neural Networks},
  journal   = {CoRR},
  volume    = {abs/1706.05098},
  year      = {2017}
}

@inproceedings{yu-metaworld,
  author    = {Tianhe Yu and
               Deirdre Quillen and
               Zhanpeng He and
               Ryan Julian and
               Karol Hausman and
               Chelsea Finn and
               Sergey Levine},
  title     = {Meta-{W}orld: {A} Benchmark and Evaluation for Multi-Task and Meta Reinforcement
               Learning},
  booktitle = {\CORL},
  series    = {Proceedings of Machine Learning Research},
  volume    = {100},
  pages     = {1094--1100},
  publisher = {{PMLR}},
  year      = {2019}
}

@article{wulfmeier-compositional,
  author    = {Markus Wulfmeier and
               Abbas Abdolmaleki and
               Roland Hafner and
               Jost Tobias Springenberg and
               Michael Neunert and
               Tim Hertweck and
               Thomas Lampe and
               Noah Y. Siegel and
               Nicolas Heess and
               Martin A. Riedmiller},
  title     = {Regularized Hierarchical Policies for Compositional Transfer in Robotics},
  journal   = {CoRR},
  volume    = {abs/1906.11228},
  year      = {2019}
}

@inproceedings{devin-modular,
  title={Learning modular neural network policies for multi-task and multi-robot transfer},
  author={Devin, Coline and Gupta, Abhishek and Darrell, Trevor and Abbeel, Pieter and Levine, Sergey},
  booktitle={\ICRA},
  pages={2169--2176},
  year={2017},
}

@inproceedings{yang-multitask,
  title={Multi-Task Deep Reinforcement Learning for Continuous Action Control.},
  author={Yang, Zhaoyang and Merrick, Kathryn E and Abbass, Hussein A and Jin, Lianwen},
  booktitle={\IJCAI},
  pages={3301--3307},
  year={2017}
}

@inproceedings{parisotto-actormimic,
  author    = {Emilio Parisotto and
               Lei Jimmy Ba and
               Ruslan Salakhutdinov},
  title     = {Actor-Mimic: Deep Multitask and Transfer Reinforcement Learning},
  booktitle = {\ICLR},
  year      = {2016}
}

@article{florensa-stochasticnn,
  title={Stochastic neural networks for hierarchical reinforcement learning},
  author={Florensa, Carlos and Duan, Yan and Abbeel, Pieter},
  journal={arXiv preprint arXiv:1704.03012},
  year={2017}
}

@article{terzi2021ijrnc,
author = {Terzi, Enrico and Bonassi, Fabio and Farina, Marcello and Scattolini, Riccardo},
title = {Learning model predictive control with long short-term memory networks},
journal = {International Journal of Robust and Nonlinear Control},
volume = {},
number = {},
pages = {},
year = {2021},
}

@article{montgomery2016guided,
  title={Guided policy search via approximate mirror descent},
  author={Montgomery, William H and Levine, Sergey},
  journal={Advances in Neural Information Processing Systems},
  volume={29},
  pages={4008--4016},
  year={2016}
}

@article{carius2020ral,
  title={{MPC}-net: A first principles guided policy search},
  author={Carius, Jan and Farshidian, Farbod and Hutter, Marco},
  journal={IEEE Robotics and Automation Letters},
  volume={5},
  number={2},
  pages={2897--2904},
  year={2020},
  publisher={IEEE}
}

@inproceedings{abadi-tensorflow,
  author    = {Mart{\'{\i}}n Abadi and
               Paul Barham and
               Jianmin Chen and
               Zhifeng Chen and
               Andy Davis and
               Jeffrey Dean and
               Matthieu Devin and
               Sanjay Ghemawat and
               Geoffrey Irving and
               Michael Isard and
               Manjunath Kudlur and
               Josh Levenberg and
               Rajat Monga and
               Sherry Moore and
               Derek Gordon Murray and
               Benoit Steiner and
               Paul A. Tucker and
               Vijay Vasudevan and
               Pete Warden and
               Martin Wicke and
               Yuan Yu and
               Xiaoqiang Zheng},
  title     = {{TensorFlow}: A System for Large-Scale Machine Learning},
  booktitle = {{USENIX} Symposium on Operating Systems Design and Implementation ({OSDI})},
  pages     = {265--283},
  publisher = {{USENIX} Association},
  year      = {2016}
}

@article{paszke-pytorch,
  author    = {Adam Paszke and
               Sam Gross and
               Francisco Massa and
               Adam Lerer and
               James Bradbury and
               Gregory Chanan and
               Trevor Killeen and
               Zeming Lin and
               Natalia Gimelshein and
               Luca Antiga and
               Alban Desmaison and
               Andreas K{\"{o}}pf and
               Edward Z. Yang and
               Zach DeVito and
               Martin Raison and
               Alykhan Tejani and
               Sasank Chilamkurthy and
               Benoit Steiner and
               Lu Fang and
               Junjie Bai and
               Soumith Chintala},
  title     = {{PyTorch}: An Imperative Style, High-Performance Deep Learning Library},
  journal   = {CoRR},
  volume    = {abs/1912.01703},
  year      = {2019}
}

@inproceedings{deng-imagenet,
  author    = {Jia Deng and
               Wei Dong and
               Richard Socher and
               Li{-}Jia Li and
               Kai Li and
               Li Fei{-}Fei},
  title     = {{ImageNet}: A large-scale hierarchical image database},
  booktitle = {\CVPR},
  pages     = {248--255},
  publisher = {{IEEE} Computer Society},
  year      = {2009}
}

@inproceedings{heiden-neuralsim,
  author    = {Eric Heiden and
               David Millard and
               Erwin Coumans and
               Yizhou Sheng and
               Gaurav S. Sukhatme},
  title     = {{NeuralSim}: Augmenting Differentiable Simulators with Neural Networks},
  booktitle = {\ICRA},
  pages     = {9474--9481},
  publisher = {{IEEE}},
  year      = {2021}
}

@inproceedings{baar2019simtoreal,
  author    = {Jeroen van Baar and
               Alan Sullivan and
               Radu Cordorel and
               Devesh K. Jha and
               Diego Romeres and
               Daniel Nikovski},
  title     = {Sim-to-Real Transfer Learning using Robustified Controllers in Robotic
               Tasks involving Complex Dynamics},
  booktitle = {\ICRA},
  pages     = {6001--6007},
  publisher = {{IEEE}},
  year      = {2019}
}

@inproceedings{rusu-progressive-nets,
  author    = {Andrei A. Rusu and
               Matej Vecer{\'{\i}}k and
               Thomas Roth{\"{o}}rl and
               Nicolas Heess and
               Razvan Pascanu and
               Raia Hadsell},
  title     = {Sim-to-Real Robot Learning from Pixels with Progressive Nets},
  booktitle = {\CORL},
  series    = {Proceedings of Machine Learning Research},
  volume    = {78},
  pages     = {262--270},
  publisher = {{PMLR}},
  year      = {2017}
}

@inproceedings{sadeghi-cad2rl-rss17,
  author    = {Fereshteh Sadeghi and
               Sergey Levine},
  title     = {{CAD2RL:} Real Single-Image Flight Without a Single Real Image},
  booktitle = {\RSS},
  year      = {2017}
}

@inproceedings{zhu-RL-IL-diverse,
  author    = {Yuke Zhu and
               Ziyu Wang and
               Josh Merel and
               Andrei A. Rusu and
               Tom Erez and
               Serkan Cabi and
               Saran Tunyasuvunakool and
               J{\'{a}}nos Kram{\'{a}}r and
               Raia Hadsell and
               Nando de Freitas and
               Nicolas Heess},
  title     = {Reinforcement and Imitation Learning for Diverse Visuomotor Skills},
  booktitle = {\RSS},
  year      = {2018}
}

@article{bhojanapalli2021reproducibility ,
  author    = {Srinadh Bhojanapalli and
               Kimberly Wilber and
               Andreas Veit and
               Ankit Singh Rawat and
               Seungyeon Kim and
               Aditya Krishna Menon and
               Sanjiv Kumar},
  title     = {On the Reproducibility of Neural Network Predictions},
  journal   = {CoRR},
  volume    = {abs/2102.03349},
  year      = {2021}
}

@article{pinto-robust-adversarial-RL,
  author    = {Lerrel Pinto and
               James Davidson and
               Rahul Sukthankar and
               Abhinav Gupta},
  title     = {Robust Adversarial Reinforcement Learning},
  journal   = {CoRR},
  volume    = {abs/1703.02702},
  year      = {2017}
}

@article{huang-adversarial-attacks,
  author    = {Sandy H. Huang and
               Nicolas Papernot and
               Ian J. Goodfellow and
               Yan Duan and
               Pieter Abbeel},
  title     = {Adversarial Attacks on Neural Network Policies},
  journal   = {CoRR},
  volume    = {abs/1702.02284},
  year      = {2017}
}

@inproceedings{higgins-DARLA,
  author    = {Irina Higgins and
               Arka Pal and
               Andrei A. Rusu and
               Lo{\"{\i}}c Matthey and
               Christopher Burgess and
               Alexander Pritzel and
               Matthew Botvinick and
               Charles Blundell and
               Alexander Lerchner},
  title     = {{DARLA:} Improving Zero-Shot Transfer in Reinforcement Learning},
  booktitle = {\ICML},
  series    = {Proceedings of Machine Learning Research},
  volume    = {70},
  pages     = {1480--1490},
  publisher = {{PMLR}},
  year      = {2017}
}

@article{he-deep-learning-theory-survey,
  author    = {Fengxiang He and
               Dacheng Tao},
  title     = {Recent advances in deep learning theory},
  journal   = {CoRR},
  volume    = {abs/2012.10931},
  year      = {2020}
}

@inproceedings{andrychowicz-hindsight-experience-replay,
  author    = {Marcin Andrychowicz and
               Dwight Crow and
               Alex Ray and
               Jonas Schneider and
               Rachel Fong and
               Peter Welinder and
               Bob McGrew and
               Josh Tobin and
               Pieter Abbeel and
               Wojciech Zaremba},
  editor    = {Isabelle Guyon and
               Ulrike von Luxburg and
               Samy Bengio and
               Hanna M. Wallach and
               Rob Fergus and
               S. V. N. Vishwanathan and
               Roman Garnett},
  title     = {Hindsight Experience Replay},
  booktitle = {\NIPS},
  shortbooktitle = {NIPS},
  pages     = {5048--5058},
  year      = {2017},
  url       = {https://proceedings.neurips.cc/paper/2017/hash/453fadbd8a1a3af50a9df4df899537b5-Abstract.html},
  timestamp = {Thu, 21 Jan 2021 15:15:21 +0100},
  biburl    = {https://dblp.org/rec/conf/nips/AndrychowiczCRS17.bib},
  bibsource = {dblp computer science bibliography, https://dblp.org}
}

@inproceedings{sutskever-initialization-momentum,
  title={On the importance of initialization and momentum in deep learning},
  author={Sutskever, Ilya and Martens, James and Dahl, George and Hinton, Geoffrey},
  booktitle={International conference on machine learning},
  pages={1139--1147},
  year={2013},
  organization={PMLR}
}

@inproceedings{vision-transformer,
  title={An Image is Worth 16x16 Words: Transformers for Image Recognition at Scale},
  author={Alexey Dosovitskiy and Lucas Beyer and Alexander Kolesnikov and Dirk Weissenborn and Xiaohua Zhai and Thomas Unterthiner and Mostafa Dehghani and Matthias Minderer and Georg Heigold and Sylvain Gelly and Jakob Uszkoreit and Neil Houlsby},
  booktitle={International Conference on Learning Representations},
  year={2021},
  url={https://openreview.net/forum?id=YicbFdNTTy}
}

@InProceedings{dino-v1,
    author    = {Caron, Mathilde and Touvron, Hugo and Misra, Ishan and J\'egou, Herv\'e and Mairal, Julien and Bojanowski, Piotr and Joulin, Armand},
    title     = {Emerging Properties in Self-Supervised Vision Transformers},
    booktitle = {Proceedings of the IEEE/CVF International Conference on Computer Vision (ICCV)},
    month     = {October},
    year      = {2021},
    pages     = {9650-9660}
}

@article{dino-v2,
  title={{DINO}v2: Learning Robust Visual Features without Supervision},
  author={Maxime Oquab and Timoth{\'e}e Darcet and Th{\'e}o Moutakanni and Huy V. Vo and Marc Szafraniec and Vasil Khalidov and Pierre Fernandez and Daniel HAZIZA and Francisco Massa and Alaaeldin El-Nouby and Mido Assran and Nicolas Ballas and Wojciech Galuba and Russell Howes and Po-Yao Huang and Shang-Wen Li and Ishan Misra and Michael Rabbat and Vasu Sharma and Gabriel Synnaeve and Hu Xu and Herve Jegou and Julien Mairal and Patrick Labatut and Armand Joulin and Piotr Bojanowski},
  journal={Transactions on Machine Learning Research},
  issn={2835-8856},
  year={2024},
  url={https://openreview.net/forum?id=a68SUt6zFt},
  note={}
}

@inproceedings{ibot,
title={Image {BERT} Pre-training with Online Tokenizer},
author={Jinghao Zhou and Chen Wei and Huiyu Wang and Wei Shen and Cihang Xie and Alan Yuille and Tao Kong},
booktitle={International Conference on Learning Representations},
year={2022},
url={https://openreview.net/forum?id=ydopy-e6Dg}
}
