@article{hwangbo-control-iros17,
  author    = {Jemin Hwangbo and
               Inkyu Sa and
               Roland Siegwart and
               Marco Hutter},
  title     = {Control of a Quadrotor With Reinforcement Learning},
  journal   = {{IEEE} Robotics and Automation Letters},
  volume    = {2},
  number    = {4},
  pages     = {2096--2103},
  year      = {2017},
}

@inproceedings{sadeghi-cad2rl-rss17,
  title={{CAD2RL}: Real Single-Image Flight without a Single Real Image},
  author={Sadeghi, Fereshteh and Levine, Sergey},
  booktitle={Robotics: Science and Systems(RSS)},
  year={2017}
}

@article{mueller-race-ue4-arxiv17,
  author    = {Matthias Mueller and
               Vincent Casser and
               Neil Smith and
               Dominik L. Michels and
               Bernard Ghanem},
  title     = {Teaching UAVs to Race Using UE4Sim},
  journal   = {CoRR},
  volume    = {abs/1708.05884},
  year      = {2017},
  url       = {http://arxiv.org/abs/1708.05884},
  timestamp = {Tue, 05 Sep 2017 10:03:46 +0200},
  biburl    = {http://dblp.uni-trier.de/rec/bib/journals/corr/abs-1708-05884},
  bibsource = {dblp computer science bibliography, http://dblp.org}
}

@inproceedings{zhang-mpcgps-icra16,
  author    = {Tianhao Zhang and
               Gregory Kahn and
               Sergey Levine and
               Pieter Abbeel},
  title     = {Learning deep control policies for autonomous aerial vehicles with
               MPC-guided policy search},
  booktitle = {2016 {IEEE} International Conference on Robotics and Automation, {ICRA}
               2016, Stockholm, Sweden, May 16-21, 2016},
  pages     = {528--535},
  year      = {2016},
  url       = {https://doi.org/10.1109/ICRA.2016.7487175},
  doi       = {10.1109/ICRA.2016.7487175},
  timestamp = {Tue, 25 Jul 2017 15:14:18 +0200},
  biburl    = {http://dblp.uni-trier.de/rec/bib/conf/icra/ZhangKLA16},
  bibsource = {dblp computer science bibliography, http://dblp.org}
}

@article{kahn-collision-avoidance-arxiv17,
  author    = {Gregory Kahn and
               Adam Villaflor and
               Vitchyr Pong and
               Pieter Abbeel and
               Sergey Levine},
  title     = {Uncertainty-Aware Reinforcement Learning for Collision Avoidance},
  journal   = {CoRR},
  volume    = {abs/1702.01182},
  year      = {2017},
  url       = {http://arxiv.org/abs/1702.01182},
  timestamp = {Wed, 01 Mar 2017 14:26:00 +0100},
  biburl    = {http://dblp.uni-trier.de/rec/bib/journals/corr/KahnVPAL17},
  bibsource = {dblp computer science bibliography, http://dblp.org}
}

@article{giusti-trail-3cat-ral16,
  author    = {Alessandro Giusti and
               Jerome Guzzi and
               Dan C. Ciresan and
               Fang{-}Lin He and
               Juan P. Rodriguez and
               Flavio Fontana and
               Matthias Faessler and
               Christian Forster and
               J{\"{u}}rgen Schmidhuber and
               Gianni Di Caro and
               Davide Scaramuzza and
               Luca Maria Gambardella},
  title     = {A Machine Learning Approach to Visual Perception of Forest Trails
               for Mobile Robots},
  journal   = {{IEEE} Robotics and Automation Letters},
  volume    = {1},
  number    = {2},
  pages     = {661--667},
  year      = {2016},
  url       = {https://doi.org/10.1109/LRA.2015.2509024},
  doi       = {10.1109/LRA.2015.2509024},
  timestamp = {Thu, 18 May 2017 09:50:55 +0200},
  biburl    = {http://dblp.org/rec/bib/journals/ral/GiustiGCHRFFFSC16},
  bibsource = {dblp computer science bibliography, http://dblp.org}
}

@article{smolyanskiy-trail-nvidia,
  author    = {Nikolai Smolyanskiy and
               Alexey Kamenev and
               Jeffrey Smith and
               Stan Birchfield},
  title     = {Toward Low-Flying Autonomous {MAV} Trail Navigation using Deep Neural
               Networks for Environmental Awareness},
  journal   = {CoRR},
  volume    = {abs/1705.02550},
  year      = {2017},
  url       = {http://arxiv.org/abs/1705.02550},
  archivePrefix = {arXiv},
  eprint    = {1705.02550},
  timestamp = {Wed, 07 Jun 2017 14:42:45 +0200},
  biburl    = {http://dblp.org/rec/bib/journals/corr/SmolyanskiyKSB17},
  bibsource = {dblp computer science bibliography, http://dblp.org}
}

@article{stadie-third-person-imitation-iclr17,
  author    = {Bradly C. Stadie and
               Pieter Abbeel and
               Ilya Sutskever},
  title     = {Third-Person Imitation Learning},
  journal   = {CoRR},
  volume    = {abs/1703.01703},
  year      = {2017},
  url       = {http://arxiv.org/abs/1703.01703},
  archivePrefix = {arXiv},
  eprint    = {1703.01703},
  timestamp = {Wed, 07 Jun 2017 14:40:15 +0200},
  biburl    = {http://dblp.org/rec/bib/journals/corr/StadieAS17},
  bibsource = {dblp computer science bibliography, http://dblp.org}
}

@article{liu-video-context-translation,
  author    = {Yuxuan Liu and
               Abhishek Gupta and
               Pieter Abbeel and
               Sergey Levine},
  title     = {Imitation from Observation: Learning to Imitate Behaviors from Raw
               Video via Context Translation},
  journal   = {CoRR},
  volume    = {abs/1707.03374},
  year      = {2017},
  url       = {http://arxiv.org/abs/1707.03374},
  archivePrefix = {arXiv},
  eprint    = {1707.03374},
  timestamp = {Sat, 05 Aug 2017 14:56:08 +0200},
  biburl    = {https://dblp.org/rec/bib/journals/corr/LiuGAL17},
  bibsource = {dblp computer science bibliography, https://dblp.org}
}

@article{kahn-collision,
  author    = {Gregory Kahn and
               Adam Villaflor and
               Vitchyr Pong and
               Pieter Abbeel and
               Sergey Levine},
  title     = {Uncertainty-Aware Reinforcement Learning for Collision Avoidance},
  journal   = {CoRR},
  volume    = {abs/1702.01182},
  year      = {2017}
}

@inproceedings{higgins-DARLA,
  author    = {Irina Higgins and
               Arka Pal and
               Andrei A. Rusu and
               Lo{\"{\i}}c Matthey and
               Christopher Burgess and
               Alexander Pritzel and
               Matthew Botvinick and
               Charles Blundell and
               Alexander Lerchner},
  title     = {{DARLA:} Improving Zero-Shot Transfer in Reinforcement Learning},
  booktitle = {{ICML}},
  series    = {Proceedings of Machine Learning Research},
  volume    = {70},
  pages     = {1480--1490},
  publisher = {{PMLR}},
  year      = {2017}
}

@inproceedings{rusu-progressive-nets,
  author    = {Andrei A. Rusu and
               Matej Vecerik and
               Thomas Roth{\"{o}}rl and
               Nicolas Heess and
               Razvan Pascanu and
               Raia Hadsell},
  title     = {Sim-to-Real Robot Learning from Pixels with Progressive Nets},
  booktitle = {CoRL},
  series    = {Proceedings of Machine Learning Research},
  volume    = {78},
  pages     = {262--270},
  publisher = {{PMLR}},
  year      = {2017}
}

@article{clavera-maml-model,
  author    = {Ignasi Clavera and
               Anusha Nagabandi and
               Ronald S. Fearing and
               Pieter Abbeel and
               Sergey Levine and
               Chelsea Finn},
  title     = {Learning to Adapt: Meta-Learning for Model-Based Control},
  journal   = {CoRR},
  volume    = {abs/1803.11347},
  year      = {2018}
}

@article{james-domain-xfer,
  author    = {Stephen James and
               Andrew J. Davison and
               Edward Johns},
  title     = {Transferring End-to-End Visuomotor Control from Simulation to Real
               World for a Multi-Stage Task},
  journal   = {CoRR},
  volume    = {abs/1707.02267},
  year      = {2017}
}

@article{zhu-RL-IL-diverse,
  author    = {Yuke Zhu and
               Ziyu Wang and
               Josh Merel and
               Andrei A. Rusu and
               Tom Erez and
               Serkan Cabi and
               Saran Tunyasuvunakool and
               J{\'{a}}nos Kram{\'{a}}r and
               Raia Hadsell and
               Nando de Freitas and
               Nicolas Heess},
  title     = {Reinforcement and Imitation Learning for Diverse Visuomotor Skills},
  journal   = {CoRR},
  volume    = {abs/1802.09564},
  year      = {2018}
}

@article{kaufmann-learning-agile-flight,
  author    = {Elia Kaufmann and
               Antonio Loquercio and
               Rene Ranftl and
               Alexey Dosovitskiy and
               Vladlen Koltun and
               Davide Scaramuzza},
  title     = {Deep Drone Racing: Learning Agile Flight in Dynamic Environments},
  journal   = {CoRR},
  volume    = {abs/1806.08548},
  year      = {2018}
}

@article{mathieu-video-prediction-beyond-mserr,
  author    = {Micha{\"{e}}l Mathieu and
               Camille Couprie and
               Yann LeCun},
  title     = {Deep multi-scale video prediction beyond mean square error},
  journal   = {CoRR},
  volume    = {abs/1511.05440},
  year      = {2015},
  url       = {http://arxiv.org/abs/1511.05440},
  archivePrefix = {arXiv},
  eprint    = {1511.05440},
  timestamp = {Wed, 07 Jun 2017 14:40:36 +0200},
  biburl    = {https://dblp.org/rec/bib/journals/corr/MathieuCL15},
  bibsource = {dblp computer science bibliography, https://dblp.org}
}

@article{DBLP:journals/corr/abs-1708-01289,
  author    = {Valentin Thomas and
               Jules Pondard and
               Emmanuel Bengio and
               Marc Sarfati and
               Philippe Beaudoin and
               Marie{-}Jean Meurs and
               Joelle Pineau and
               Doina Precup and
               Yoshua Bengio},
  title     = {Independently Controllable Factors},
  journal   = {CoRR},
  volume    = {abs/1708.01289},
  year      = {2017}
}

@article{DBLP:journals/corr/abs-1802-09484,
  author    = {Valentin Thomas and
               Emmanuel Bengio and
               William Fedus and
               Jules Pondard and
               Philippe Beaudoin and
               Hugo Larochelle and
               Joelle Pineau and
               Doina Precup and
               Yoshua Bengio},
  title     = {Disentangling the independently controllable factors of variation
               by interacting with the world},
  journal   = {CoRR},
  volume    = {abs/1802.09484},
  year      = {2018}
}

@inproceedings{DBLP:conf/nips/NarayanaswamyPM17,
  author    = {Siddharth Narayanaswamy and
               Brooks Paige and
               Jan{-}Willem van de Meent and
               Alban Desmaison and
               Noah D. Goodman and
               Pushmeet Kohli and
               Frank D. Wood and
               Philip H. S. Torr},
  title     = {Learning Disentangled Representations with Semi-Supervised Deep Generative
               Models},
  booktitle = {{NIPS}},
  pages     = {5927--5937},
  year      = {2017}
}

@inproceedings{DBLP:conf/nips/ReedZZL15,
  author    = {Scott E. Reed and
               Yi Zhang and
               Yuting Zhang and
               Honglak Lee},
  title     = {Deep Visual Analogy-Making},
  booktitle = {{NIPS}},
  pages     = {1252--1260},
  year      = {2015}
}

@article{DBLP:journals/corr/abs-1711-00848,
  author    = {Abhishek Kumar and
               Prasanna Sattigeri and
               Avinash Balakrishnan},
  title     = {Variational Inference of Disentangled Latent Concepts from Unlabeled
               Observations},
  journal   = {CoRR},
  volume    = {abs/1711.00848},
  year      = {2017}
}

@article{DBLP:journals/corr/AchilleS17,
  author    = {Alessandro Achille and
               Stefano Soatto},
  title     = {On the Emergence of Invariance and Disentangling in Deep Representations},
  journal   = {CoRR},
  volume    = {abs/1706.01350},
  year      = {2017}
}

@inproceedings{DBLP:conf/aaai/BouchacourtTN18,
  author    = {Diane Bouchacourt and
               Ryota Tomioka and
               Sebastian Nowozin},
  title     = {Multi-Level Variational Autoencoder: Learning Disentangled Representations
               From Grouped Observations},
  booktitle = {{AAAI}},
  publisher = {{AAAI} Press},
  year      = {2018}
}

@inproceedings{DBLP:conf/icml/KimM18,
  author    = {Hyunjik Kim and
               Andriy Mnih},
  title     = {Disentangling by Factorising},
  booktitle = {{ICML}},
  series    = {{JMLR} Workshop and Conference Proceedings},
  volume    = {80},
  pages     = {2654--2663},
  publisher = {JMLR.org},
  year      = {2018}
}

@article{DBLP:journals/corr/MathieuZSRL16,
  author    = {Micha{\"{e}}l Mathieu and
               Junbo Jake Zhao and
               Pablo Sprechmann and
               Aditya Ramesh and
               Yann LeCun},
  title     = {Disentangling factors of variation in deep representations using adversarial
               training},
  journal   = {CoRR},
  volume    = {abs/1611.03383},
  year      = {2016}
}

@article{DBLP:journals/corr/abs-1807-09245,
  author    = {Tianfan Xue and
               Jiajun Wu and
               Katherine L. Bouman and
               William T. Freeman},
  title     = {Visual Dynamics: Stochastic Future Generation via Layered Cross Convolutional
               Networks},
  journal   = {CoRR},
  volume    = {abs/1807.09245},
  year      = {2018}
}

@article{DBLP:journals/corr/abs-1808-06508,
  author    = {Alessandro Achille and
               Tom Eccles and
               Lo{\"{\i}}c Matthey and
               Christopher P. Burgess and
               Nick Watters and
               Alexander Lerchner and
               Irina Higgins},
  title     = {Life-Long Disentangled Representation Learning with Cross-Domain Latent
               Homologies},
  journal   = {CoRR},
  volume    = {abs/1808.06508},
  year      = {2018}
}

@inproceedings{DBLP:conf/nips/DentonB17,
  author    = {Emily L. Denton and
               Vighnesh Birodkar},
  title     = {Unsupervised Learning of Disentangled Representations from Video},
  booktitle = {{NIPS}},
  pages     = {4417--4426},
  year      = {2017}
}

@inproceedings{DBLP:conf/nips/LampleZUBDR17,
  author    = {Guillaume Lample and
               Neil Zeghidour and
               Nicolas Usunier and
               Antoine Bordes and
               Ludovic Denoyer and
               Marc'Aurelio Ranzato},
  title     = {Fader Networks: Manipulating Images by Sliding Attributes},
  booktitle = {{NIPS}},
  pages     = {5969--5978},
  year      = {2017}
}

@article{DBLP:journals/corr/DonahueBML17,
  author    = {Chris Donahue and
               Akshay Balsubramani and
               Julian McAuley and
               Zachary C. Lipton},
  title     = {Semantically Decomposing the Latent Spaces of Generative Adversarial
               Networks},
  journal   = {CoRR},
  volume    = {abs/1705.07904},
  year      = {2017}
}

