@article{hausman2017ral,
  author    = {Karol Hausman and
               James A. Preiss and
               Gaurav S. Sukhatme and
               Stephan Weiss},
  title     = {Observability-Aware Trajectory Optimization for Self-Calibration With
               Application to UAVs},
  journal   = {{IEEE} Robotics and Automation Letters},
  volume    = {2},
  number    = {3},
  pages     = {1770--1777},
  year      = {2017},
}

@inproceedings{preiss2017rss,
  author    = {James A. Preiss and
               Karol Hausman and
               Gaurav S. Sukhatme and
               Stephan Weiss},
  title     = {Trajectory Optimization for Self-Calibration and Navigation},
  booktitle = {Robotics: Science and Systems (RSS)},
  year      = {2017},
}

@inproceedings{preiss2017icra,
  author    = {James A. Preiss and
               Wolfgang H{\"{o}}nig and
               Gaurav S. Sukhatme and
               Nora Ayanian},
  title     = {Crazyswarm: {A} large nano-quadcopter swarm},
  booktitle = {{IEEE} International Conference on Robotics and Automation ({ICRA})},
  pages     = {3299--3304},
  publisher = {{IEEE}},
  year      = {2017},
}

@inproceedings{preiss2017iros,
  author    = {James A. Preiss and
               Wolfgang H{\"{o}}nig and
               Nora Ayanian and
               Gaurav S. Sukhatme},
  title     = {Downwash-aware trajectory planning for large quadrotor teams},
  booktitle = {{IEEE/RSJ} International Conference on Intelligent Robots and
               Systems ({IROS})},
  publisher = {{IEEE}},
  year      = {2017},
}

@article{preiss2018ijrr,
  author    = {James A. Preiss and
               Karol Hausman and
               Gaurav S. Sukhatme and
               Stephan Weiss},
  title     = {Simultaneous self-calibration and navigation using trajectory optimization},
  journal   = {International Journal of Robotics Research},
  volume    = {37},
  number    = {13-14},
  year      = {2018}
}

@article{hoenig2018tro,
  author    = {Wolfgang H{\"{o}}nig and
               James A. Preiss and
               T. K. Satish Kumar and
               Gaurav S. Sukhatme and
               Nora Ayanian},
  title     = {Trajectory Planning for Quadrotor Swarms},
  journal   = {{IEEE} Transactions on Robotics},
  volume    = {34},
  number    = {4},
  pages     = {856--869},
  year      = {2018},
}

@inproceedings{preiss2018neurips,
  author    = {James A. Preiss and
               Karol Hausman and
               Gaurav S. Sukhatme},
  title     = {Learning a System-{ID} Embedding Space for Domain Specialization with Deep Reinforcement Learning},
  booktitle = {NeurIPS Workshop on Reinforcement Learning under Partial Observability},
  year      = {2018},
}

@inproceedings{molchanov2019iros,
  author    = {Artem Molchanov and
               Tao Chen and
               Wolfgang H{\"{o}}nig and
               James A. Preiss and
               Nora Ayanian and
               Gaurav S. Sukhatme},
  title     = {Sim-to-(Multi)-Real: Transfer of Low-Level Robust Control Policies
               to Multiple Quadrotors},
  booktitle = {{IEEE/RSJ} International Conference on Intelligent Robots and
               Systems ({IROS})},
  publisher = {{IEEE}},
  year      = {2019},
}

@inproceedings{ramachandran2019iros,
  author    = {Ragesh K. Ramachandran and
               James A. Preiss and
               Gaurav S. Sukhatme},
  title     = {Resilience by Reconfiguration: Exploiting Heterogeneity in Robot Teams},
  booktitle = {{IEEE/RSJ} International Conference on Intelligent Robots and Systems ({IROS})},
  pages     = {6518--6525},
  publisher = {{IEEE}},
  year      = {2019},
}

@inproceedings{preiss2019neurips,
  author    = {James A. Preiss and
               S{\'{e}}bastien M. R. Arnold and
               Chen{-}Yu Wei and
               Marius Kloft},
  title     = {Analyzing the Variance of Policy Gradient Estimators for the Linear-Quadratic Regulator},
  booktitle = {NeurIPS Workshop on Optimization Foundations for Reinforcement Learning},
  year      = {2019},
}

@inproceedings{ramachandran2020iros,
  author    = {Ragesh K. Ramachandran and
               Lifeng Zhou and
               James A. Preiss and
               Gaurav S. Sukhatme},
  title     = {Resilient Coverage: Exploring the Local-to-Global Trade-off},
  booktitle = {\IROS},
  pages     = {11740--11747},
  publisher = {{IEEE}},
  year      = {2020},
}

@InProceedings{preiss2021l4dc,
  title = 	 {Suboptimal coverings for continuous spaces of control tasks},
  author =       {Preiss, James A. and Sukhatme, Gaurav S.},
  booktitle = 	 {\LFOURDC},
  pages = 	 {547--558},
  year = 	 {2021},
  volume = 	 {144},
  series = 	 {Proceedings of Machine Learning Research},
  publisher =    {PMLR},
}

@inproceedings{preiss2022deformable,
  author = {Preiss, James A. and
            Millard, David and
            Yao, Tao and
            Sukhatme, Gaurav S.},
  title = {Tracking Fast Trajectories with a Deformable Object using a Learned Model},
  booktitle = {\ICRA},
  shortbooktitle = {{ICRA}},
  year = {2022},
}
