% Very similar

@article{fazel-global-lqr,
  title={Global convergence of policy gradient methods for linearized control problems},
  author={Fazel, Maryam and Ge, Rong and Kakade, Sham M and Mesbahi, Mehran},
  journal={CoRR},
  volume={abs/1801.05039},
  year={2018}
}

@article{dean-complexity-lqr,
  author    = {Sarah Dean and
               Horia Mania and
               Nikolai Matni and
               Benjamin Recht and
               Stephen Tu },
  title     = {On the sample complexity of the linear quadratic regulator},
  journal   = {CoRR},
  volume    = {abs/1710.01688},
  year      = {2017}
}

@inproceedings{DBLP:journals/jmlr/Abbasi-YadkoriS11,
  author    = {Yasin Abbasi{-}Yadkori and
               Csaba Szepesv{\'{a}}ri},
  title     = {Regret Bounds for the Adaptive Control of Linear Quadratic Systems},
  booktitle = {{COLT}},
  series    = {{JMLR} Proceedings},
  volume    = {19},
  pages     = {1--26},
  publisher = {JMLR.org},
  year      = {2011}
}

@article{DBLP:journals/corr/abs-1804-06021,
  author    = {Yasin Abbasi{-}Yadkori and
               Nevena Lazic and
               Csaba Szepesv{\'{a}}ri},
  title     = {Regret Bounds for Model-Free Linear Quadratic Control},
  journal   = {CoRR},
  volume    = {abs/1804.06021},
  year      = {2018}
}

@article{article,
author = {Bradtke, Steven and Ydstie, B.Erik and G. Barto, Andrew},
year = {1994},
month = {09},
pages = {},
title = {Adaptive Linear Quadratic Control Using Policy Iteration},
volume = {3},
journal = {Proceedings of the American Control Conference},
doi = {10.1109/ACC.1994.735224}
}

@article{recht-tour-rl-control,
  author    = {Benjamin Recht},
  title     = {A Tour of Reinforcement Learning: The View from Continuous Control},
  journal   = {CoRR},
  volume    = {abs/1806.09460},
  year      = {2018}
}

@article{yang-actorcritic-lqr,
  author    = {Zhuoran Yang and
               Yongxin Chen and
               Mingyi Hong and
               Zhaoran Wang},
  title     = {On the Global Convergence of Actor-Critic: {A} Case for Linear Quadratic
               Regulator with Ergodic Cost},
  journal   = {CoRR},
  volume    = {abs/1907.06246},
  year      = {2019}
}

@article{malik-derivativefree-lqr,
  author    = {Dhruv Malik and
               Ashwin Pananjady and
               Kush Bhatia and
               Koulik Khamaru and
               Peter L. Bartlett and
               Martin J. Wainwright},
  title     = {Derivative-Free Methods for Policy Optimization: Guarantees for Linear
               Quadratic Systems},
  journal   = {CoRR},
  volume    = {abs/1812.08305},
  year      = {2018}
}

@inproceedings{DBLP:conf/icml/AbeilleL18,
  author    = {Marc Abeille and
               Alessandro Lazaric},
  title     = {Improved Regret Bounds for Thompson Sampling in Linear Quadratic Control
               Problems},
  booktitle = {{ICML}},
  series    = {Proceedings of Machine Learning Research},
  volume    = {80},
  pages     = {1--9},
  publisher = {{PMLR}},
  year      = {2018}
}

@inproceedings{DBLP:conf/icml/CohenHKLMT18,
  author    = {Alon Cohen and
               Avinatan Hassidim and
               Tomer Koren and
               Nevena Lazic and
               Yishay Mansour and
               Kunal Talwar},
  title     = {Online Linear Quadratic Control},
  booktitle = {{ICML}},
  series    = {Proceedings of Machine Learning Research},
  volume    = {80},
  pages     = {1028--1037},
  publisher = {{PMLR}},
  year      = {2018}
}

@inproceedings{DBLP:conf/nips/DeanMMRT18,
  author    = {Sarah Dean and
               Horia Mania and
               Nikolai Matni and
               Benjamin Recht and
               Stephen Tu},
  title     = {Regret Bounds for Robust Adaptive Control of the Linear Quadratic
               Regulator},
  booktitle = {NeurIPS},
  pages     = {4192--4201},
  year      = {2018}
}

@article{DBLP:journals/corr/abs-1711-07230,
  author    = {Mohamad Kazem Shirani Faradonbeh and
               Ambuj Tewari and
               George Michailidis},
  title     = {Finite Time Analysis of Optimal Adaptive Policies for Linear-Quadratic
               Systems},
  journal   = {CoRR},
  volume    = {abs/1711.07230},
  year      = {2017}
}


% Less similar

@article{proctor-dmdc,
  author    = {Joshua L. Proctor and
               Steven L. Brunton and
               J. Nathan Kutz},
  title     = {Dynamic Mode Decomposition with Control},
  journal   = {{SIAM} J. Applied Dynamical Systems},
  volume    = {15},
  number    = {1},
  pages     = {142--161},
  year      = {2016}
}

@article{DBLP:journals/mmor/Hinderer05,
  author    = {Karl Hinderer},
  title     = {Lipschitz Continuity of Value Functions in Markovian Decision Processes},
  journal   = {Math. Meth. of {OR}},
  volume    = {62},
  number    = {1},
  pages     = {3--22},
  year      = {2005}
}

@inproceedings{DBLP:conf/icml/AsadiML18,
  author    = {Kavosh Asadi and
               Dipendra Misra and
               Michael L. Littman},
  title     = {Lipschitz Continuity in Model-based Reinforcement Learning},
  booktitle = {{ICML}},
  series    = {{JMLR} Workshop and Conference Proceedings},
  volume    = {80},
  pages     = {264--273},
  publisher = {JMLR.org},
  year      = {2018}
}

@incollection{rockafellar2008linear,
  title={Linear-Convex Control and Duality},
  author={Rockafellar, RT and Goebel, Rafal},
  booktitle={Geometric Control And Nonsmooth Analysis: In Honor of the 73rd Birthday of H Hermes and of the 71st Birthday of RT Rockafellar},
  pages={280--299},
  year={2008},
  publisher={World Scientific}
}

@article{DBLP:journals/jgo/Rockafellar04,
  author    = {R. Tyrrell Rockafellar},
  title     = {Hamilton-Jacobi Theory and Parametric Analysis in Fully Convex Problems
               of Optimal Control},
  journal   = {J. Global Optimization},
  volume    = {28},
  number    = {3-4},
  pages     = {419--431},
  year      = {2004}
}

@inproceedings{DBLP:conf/nips/Kobilarov15,
  author    = {Marin Kobilarov},
  title     = {Sample Complexity Bounds for Iterative Stochastic Policy Optimization},
  booktitle = {{NIPS}},
  pages     = {3114--3122},
  year      = {2015}
}

@article{article,
author = {Machandranath Kakade, Sham},
year = {2003},
month = {01},
pages = {},
title = {On the Sample Complexity of Reinforcement Learning}
}

@article{rajeswaran2017generalizationsimplicity,
  author    = {Aravind Rajeswaran and
               Kendall Lowrey and
               Emanuel Todorov and
               Sham Kakade},
  title     = {Towards Generalization and Simplicity in Continuous Control},
  journal   = {CoRR},
  volume    = {abs/1703.02660},
  year      = {2017}
}

@article{mania2018randomsearch,
  author    = {Horia Mania and
               Aurelia Guy and
               Benjamin Recht},
  title     = {Simple random search provides a competitive approach to reinforcement
               learning},
  journal   = {CoRR},
  volume    = {abs/1803.07055},
  year      = {2018}
}

@inproceedings{ahmed-impact-entropy,
  author    = {Zafarali Ahmed and
               Nicolas Le Roux and
               Mohammad Norouzi and
               Dale Schuurmans},
  title     = {Understanding the Impact of Entropy on Policy Optimization},
  booktitle = {{ICML}},
  series    = {Proceedings of Machine Learning Research},
  volume    = {97},
  pages     = {151--160},
  publisher = {{PMLR}},
  year      = {2019}
}

@inproceedings{geist-regularized-mdps,
  author    = {Matthieu Geist and
               Bruno Scherrer and
               Olivier Pietquin},
  title     = {A Theory of Regularized Markov Decision Processes},
  booktitle = {{ICML}},
  series    = {Proceedings of Machine Learning Research},
  volume    = {97},
  pages     = {2160--2169},
  publisher = {{PMLR}},
  year      = {2019}
}

@inproceedings{tu-modelbased-lqr-asymptotic,
  author    = {Stephen Tu and
               Benjamin Recht},
  title     = {The Gap Between Model-Based and Model-Free Methods on the Linear Quadratic
               Regulator: An Asymptotic Viewpoint},
  booktitle = {{COLT}},
  series    = {Proceedings of Machine Learning Research},
  volume    = {99},
  pages     = {3036--3083},
  publisher = {{PMLR}},
  year      = {2019}
}

@phdthesis{tu-lqr-thesis,
  author       = {Stephen Tu}, 
  title        = {Sample Complexity Bounds for the Linear Quadratic Regulator},
  school       = {University of California, Berkeley},
  year         = 2019,
}

@misc{mania-certainty-equivalence-efficient-lqr,
    title={Certainty Equivalence is Efficient for Linear Quadratic Control},
    author={Horia Mania and Stephen Tu and Benjamin Recht},
    year={2019},
    eprint={1902.07826},
    archivePrefix={arXiv},
    primaryClass={math.OC}
}

@article{cohen-lqr-efficient,
  author    = {Alon Cohen and
               Tomer Koren and
               Yishay Mansour},
  title     = {Learning Linear-Quadratic Regulators Efficiently with only {\textdollar}{\textbackslash}sqrt\{T\}{\textdollar} Regret},
  journal   = {CoRR},
  volume    = {abs/1902.06223},
  year      = {2019}
}

@article{DBLP:journals/corr/abs-1907-08921,
  author    = {Jingjing Bu and
               Afshin Mesbahi and
               Maryam Fazel and
               Mehran Mesbahi},
  title     = {{LQR} through the Lens of First Order Methods: Discrete-time Case},
  journal   = {CoRR},
  volume    = {abs/1907.08921},
  year      = {2019}
}

@article{DBLP:journals/corr/abs-1905-13547,
  author    = {Benjamin Gravell and
               Peyman Mohajerin Esfahani and
               Tyler Summers},
  title     = {Learning robust control for {LQR} systems with multiplicative noise
               via policy gradient},
  journal   = {CoRR},
  volume    = {abs/1905.13547},
  year      = {2019}
}

@inproceedings{DBLP:conf/nips/UmenbergerFSH19,
  author    = {Jack Umenberger and
               Mina Ferizbegovic and
               Thomas B. Sch{\"{o}}n and
               H{\aa}kan Hjalmarsson},
  title     = {Robust exploration in linear quadratic reinforcement learning},
  booktitle = {NeurIPS},
  pages     = {15310--15320},
  year      = {2019}
}

@article{agarwal-optimality-approximation-policygradient,
  author    = {Alekh Agarwal and
               Sham M. Kakade and
               Jason D. Lee and
               Gaurav Mahajan},
  title     = {Optimality and Approximation with Policy Gradient Methods in Markov
               Decision Processes},
  journal   = {CoRR},
  volume    = {abs/1908.00261},
  year      = {2019}
}

@article{DBLP:journals/corr/abs-1811-08540,
  author    = {Wen Sun and
               Nan Jiang and
               Akshay Krishnamurthy and
               Alekh Agarwal and
               John Langford},
  title     = {Model-Based Reinforcement Learning in Contextual Decision Processes},
  journal   = {CoRR},
  volume    = {abs/1811.08540},
  year      = {2018}
}

@article{DBLP:journals/corr/abs-1909-01150,
  author    = {Lingxiao Wang and
               Qi Cai and
               Zhuoran Yang and
               Zhaoran Wang},
  title     = {Neural Policy Gradient Methods: Global Optimality and Rates of Convergence},
  journal   = {CoRR},
  volume    = {abs/1909.01150},
  year      = {2019}
}

@article{DBLP:journals/corr/abs-1905-10389,
  author    = {Lin F. Yang and
               Mengdi Wang},
  title     = {Reinforcement Leaning in Feature Space: Matrix Bandit, Kernels, and
               Regret Bound},
  journal   = {CoRR},
  volume    = {abs/1905.10389},
  year      = {2019}
}

@article{DBLP:journals/corr/abs-1907-05388,
  author    = {Chi Jin and
               Zhuoran Yang and
               Zhaoran Wang and
               Michael I. Jordan},
  title     = {Provably Efficient Reinforcement Learning with Linear Function Approximation},
  journal   = {CoRR},
  volume    = {abs/1907.05388},
  year      = {2019}
}

@article{DBLP:journals/corr/abs-1901-09018,
  author    = {Simon S. Du and
               Akshay Krishnamurthy and
               Nan Jiang and
               Alekh Agarwal and
               Miroslav Dud{\'{\i}}k and
               John Langford},
  title     = {Provably efficient {RL} with Rich Observations via Latent State Decoding},
  journal   = {CoRR},
  volume    = {abs/1901.09018},
  year      = {2019}
}

@inproceedings{DBLP:conf/icml/X19,
  editor    = {Yasin Abbasi{-}Yadkori and
               Peter L. Bartlett and
               Kush Bhatia and
               Nevena Lazic and
               Csaba Szepesv{\'{a}}ri and
               Gell{\'{e}}rt Weisz},
  title     = {{POLITEX:} Regret Bounds for Policy Iteration using Expert Prediction},
  booktitle = {{ICML}},
  series    = {Proceedings of Machine Learning Research},
  volume    = {97},
  pages     = {3692--3702},
  publisher = {{PMLR}},
  year      = {2019}
}

@article{DBLP:journals/corr/abs-1908-10479,
  author    = {Yasin Abbasi{-}Yadkori and
               Nevena Lazic and
               Csaba Szepesv{\'{a}}ri and
               Gell{\'{e}}rt Weisz},
  title     = {Exploration-Enhanced {POLITEX}},
  journal   = {CoRR},
  volume    = {abs/1908.10479},
  year      = {2019}
}

@inproceedings{DBLP:conf/nips/Russo19,
  author    = {Daniel Russo},
  title     = {Worst-Case Regret Bounds for Exploration via Randomized Value Functions},
  booktitle = {NeurIPS},
  pages     = {14410--14420},
  year      = {2019}
}

@article{DBLP:journals/corr/abs-1905-00475,
  author    = {Zhao Song and
               Wen Sun},
  title     = {Efficient Model-free Reinforcement Learning in Metric Spaces},
  journal   = {CoRR},
  volume    = {abs/1905.00475},
  year      = {2019}
}

@article{DBLP:journals/corr/abs-1901-09311,
  author    = {Kefan Dong and
               Yuanhao Wang and
               Xiaoyu Chen and
               Liwei Wang},
  title     = {Q-learning with {UCB} Exploration is Sample Efficient for Infinite-Horizon
               {MDP}},
  journal   = {CoRR},
  volume    = {abs/1901.09311},
  year      = {2019}
}

@article{lin-stability-switched-linear-survey,
  author    = {Hai Lin and
               Panos J. Antsaklis},
  title     = {Stability and Stabilizability of Switched Linear Systems: {A} Survey
               of Recent Results},
  journal   = {{IEEE} Trans. Automat. Contr.},
  volume    = {54},
  number    = {2},
  pages     = {308--322},
  year      = {2009}
}

@phdthesis{tropp2004topics,
  title={Topics in sparse approximation},
  author={Tropp, Joel Aaron},
  year={2004}
}

@misc{francis-classical-control-notes,
  author        = {Bruce A. Francis},
  title         = {Classical Control course notes},
  month         = {February},
  year          = {2015},
  publisher={University of Toronto}
}

