% Books

@book{ross-probability,
  title={A First Course in Probability},
  author={Sheldon Ross},
  isbn={0131856626},
  year={2006},
  publisher={Pearson Prentice Hall}
}

@book{papoulis-RVs,
  title={Probability, Random Variables, and Stochastic Processes},
  author={Athanasios Papoulis},
  isbn={0070484775},
  year={1991},
  publisher={McGraw-Hill}
}

@book{pollard-usersguide-measure-prob,
  title={A User's Guide to Measure Theoretic Probability},
  author={David Pollard},
  series={Cambridge Series in Statistical and Probabilistic Mathematics},
  year={2002},
  publisher={Cambridge University Press}
}

@article{bordenave-circular-law,
  title={Around the circular law},
  author={Bordenave, Charles and Chafa{\"\i}, Djalil and others},
  journal={Probability surveys},
  volume={9},
  year={2012}
}

@article{HINRICHSEN19861,
title = "Stability radii of linear systems",
journal = "Systems \& Control Letters",
volume = "7",
number = "1",
pages = "1 - 10",
year = "1986",
issn = "0167-6911",
doi = "https://doi.org/10.1016/0167-6911(86)90094-0",
url = "http://www.sciencedirect.com/science/article/pii/0167691186900940",
author = "D. Hinrichsen and A.J. Pritchard",
keywords = "Robust stability, Distance from instability, Linear state space system",
abstract = "In this note the concepts of real and complex stability radii are introduced and some of their properties discussed."
}

@misc{johndcook,
  title={General Formula for Normal Moments},
  author={John D. Cook},
  howpublished ={https://www.johndcook.com/blog/2012/11/06/general-formula-for-normal-moments/}
}

@article{tits-pole-placement,
  title={Globally convergent algorithms for robust pole assignment by state feedback},
  author={Tits, Andr{\'e} L and Yang, Yaguang},
  journal={IEEE Transactions on Automatic Control},
  volume={41},
  number={10},
  pages={1432--1452},
  year={1996},
  publisher={IEEE}
}

@article{tropp-matrix-concentration,
  author    = {Joel A. Tropp},
  title     = {An Introduction to Matrix Concentration Inequalities},
  journal   = {Foundations and Trends in Machine Learning},
  volume    = {8},
  number    = {1-2},
  pages     = {1--230},
  year      = {2015}
}

@book{kwakernaak1972linear,
  title={Linear optimal control systems},
  author={Kwakernaak, Huibert and Sivan, Raphael},
  volume={1},
  year={1972},
  publisher={Wiley-Interscience New York}
}

@article{vandooren-riccati,
  title={A generalized eigenvalue approach for solving Riccati equations},
  author={Paul {Van Dooren}},
  journal={SIAM Journal on Scientific and Statistical Computing},
  volume={2},
  number={2},
  pages={121--135},
  year={1981},
  publisher={SIAM}
}

@book{tao-randommatrix,
      author        = "Tao, Terence",
      title         = "{Topics in random matrix theory}",
      publisher     = "American Mathematical Society",
      address       = "Providence, RI",
      series        = "Graduate studies in mathematics",
      year          = "2012",
      url           = "http://cds.cern.ch/record/2122643",
}

@book{trefethen-pseudospectra,
  title={Spectra and pseudospectra: The Behavior of Nonnormal Matrices and Operators},
  author={Trefethen, Lloyd N and Embree, Mark},
  year={2005},
  publisher={Princeton University Press}
}


@book{liberzon-variations-book,
  title={Calculus of variations and optimal control theory: a concise introduction},
  author={Liberzon, Daniel},
  year={2011},
  publisher={Princeton University Press}
}

@book{lewis-optimalcontrol,
  title={Optimal control},
  author={Lewis, Frank L and Vrabie, Draguna and Syrmos, Vassilis L},
  year={2012},
  publisher={John Wiley \& Sons}
}
