@inproceedings{abernethy-simulated-annealing,
  author    = {Jacob D. Abernethy and
               Elad Hazan},
  title     = {Faster Convex Optimization: Simulated Annealing with an Efficient
               Universal Barrier},
  booktitle = {\ICML},
  series    = {{JMLR} Workshop and Conference Proceedings},
  volume    = {48},
  pages     = {2520--2528},
  publisher = {JMLR.org},
  year      = {2016}
}

@book{nocedal-numerical-optimization,
  author    = {Jorge Nocedal and Stephen J. Wright},
  title     = {Numerical Optimization},
  publisher = {Springer},
  year      = {2006},
  address   = {New York, NY, USA},
  edition   = {Second},
}

@book{nesterov-convex,
  title={Introductory lectures on convex optimization: A basic course},
  author={Nesterov, Yurii},
  volume={87},
  year={2003},
  publisher={Springer Science \& Business Media}
}

@inproceedings{nesterov-accelerated,
  title={A method for unconstrained convex minimization problem with the rate of convergence $O (1/k^2)$},
  author={Nesterov, Yurii},
  booktitle={Proceedings of the USSR Academy of Sciences},
  volume={269},
  pages={543--547},
  year={1983}
}
