@misc{darpaFLA,
  title = {Smart Quadcopters Find their Way without Human Help or GPS},
  howpublished = {\url{https://www.darpa.mil/news-events/2017-06-28}},
  author = {DARPA},
  year = {2017},
  note = {Accessed: 2017-11-03}
}

@mastersthesis{forster-crazyflie-sysid,
  title={System identification of the {C}razyflie 2.0 nano quadrocopter},
  author={F{\"o}rster, Julian},
  type={{B.S.} thesis},
  year={2015},
  school={ETH Zurich}
}

@inproceedings{mellinger-minsnap,
  author    = {Daniel Mellinger and
               Vijay Kumar},
  title     = {Minimum snap trajectory generation and control for quadrotors},
  booktitle = {{ICRA}},
  pages     = {2520--2525},
  publisher = {{IEEE}},
  year      = {2011}
}

@inproceedings{lee2010geometric,
  author       = {Taeyoung Lee and
                  Melvin Leok and
                  N. Harris McClamroch},
  title        = {\href{https://doi.org/10.1109/CDC.2010.5717652}{Geometric tracking control of a quadrotor {UAV} on {SE(3)}}},
  booktitle    = {\CDC},
  pages        = {5420--5425},
  publisher    = {{IEEE}},
  year         = {2010},
}

