@article{hoenig2021tro,
  author={Shi, Guanya and H\"onig, Wolfgang and Shi, Xichen and Yue, Yisong and Chung, Soon-Jo},
  journal={IEEE Transactions on Robotics}, 
  title={{Neural-Swarm2}: Planning and Control of Heterogeneous Multirotor Swarms Using Learned Interactions}, 
  year={2021},
  volume={},
  number={},
  pages={1-17},
}
